4516 5558
1004 439 1310 524 -21-.

266 645 443 714 scribarum
464 631 852 707 haudis'similitudinem
874 644 907 703 et
930 638 1098 719 imaginem
1121 642 1206 702 esset
1226 642 1463 719 praecepturus,
1486 636 1612 716 syllaba
1632 655 1688 718 χερ
1710 631 1856 716 suirepta
1876 637 1999 719 redegi:

261 775 323 839 quo
345 754 431 820 lacto
452 753 500 820 sic
511 751 698 817 mutilatum
709 769 770 816 non
780 750 907 831 pumice
922 751 977 814 sed
992 749 1086 815 amici
1101 767 1229 813 munere
1246 747 1387 828 decerpsi
1399 752 1497 828 atque
1508 747 1598 813 varia
1612 748 1747 815 lectione
1759 735 1861 828 Κύρνε
1872 753 2001 829 recepta

261 884 364 949 quum
378 863 550 929 modestiae
562 861 833 942 verecundiaeque
848 860 954 942 gratia
973 877 1033 923 non
1056 861 1204 923 auderem
1227 860 1330 922 omnia
1350 863 1383 921 et
1404 875 1480 922 vera
1500 865 1531 922 et
1551 860 1674 940 poetica
1689 860 1880 940 praedicare,
1903 859 2000 924 fronti

261 974 534 1042 commentationis
547 972 638 1036 velut
649 972 766 1035 olivam
779 989 842 1053 qua
852 989 962 1051 pacem
974 974 1007 1033 et
1018 971 1217 1033 volumtatem
1228 969 1357 1034 lectoris
1369 987 1556 1049 occuparem
1568 970 1701 1034 ridicule
1708 971 1886 1052 praeposui.
1901 968 2000 1033 Volui

264 1084 366 1167 igitur
386 1101 465 1165 quae
487 1081 577 1146 finita
599 1085 632 1175 et
653 1081 821 1162 illegitima
841 1081 1044 1160 periclitatus
1065 1098 1242 1160 sparseram
1264 1078 1369 1143 onruia
1391 1097 1430 1142 ue
1451 1078 1630 1159 pervicacia
1644 1080 1771 1161 quidem
1787 1081 1851 1144 ista
1865 1083 2000 1160 excepta

263 1197 303 1261 ad
325 1195 417 1259 finem
438 1193 542 1274 operis
564 1192 697 1257 enudare
719 1197 752 1256 et
773 1191 930 1272 expedire.
963 1190 1083 1255 Verum
1106 1191 1165 1257 hoc
1180 1196 1248 1254 erat
1263 1191 1293 1254 in
1309 1188 1401 1265 votis,
1425 1208 1524 1271 quum
1540 1207 1620 1271 opus
1637 1189 1696 1254 fine
1711 1209 1770 1255 non
1785 1196 1997 1255 coronaretur.

263 1306 351 1384 Quod
373 1323 437 1386 qua
458 1303 586 1367 fortuna
609 1303 678 1367 slve
700 1322 763 1384 qua
784 1303 952 1366 voluntate
974 1302 1174 1383 potissimum
1196 1303 1238 1366 sit
1252 1300 1383 1378 factum,
1406 1319 1506 1381 quum
1522 1302 1606 1382 quod
1621 1301 1806 1382 iampridem
1821 1299 1997 1381 significavi

261 1416 392 1480 uberius
413 1415 573 1495 explicare
594 1413 734 1476 alienum
756 1431 825 1477 esse
846 1413 995 1477 videatur
1016 1412 1055 1475 ab
1077 1412 1178 1476 officio
1200 1412 1297 1476 huius
1319 1412 1445 1493 quidem
1461 1412 1639 1492 scriptionis
1654 1412 1873 1488 ethonestate,
1889 1411 1998 1475 valeat

261 1528 345 1592 illud
365 1525 492 1590 ‘hahent
513 1542 573 1590 sua
594 1524 662 1587 sata
683 1521 802 1588 libelli’.
847 1524 1003 1604 Equidem
1026 1524 1154 1588 delicias
1176 1540 1262 1588 meas
1285 1523 1423 1603 turpiter
1444 1522 1670 1589 intermortuos
1692 1542 1791 1605 quum
1813 1522 1997 1605 aegerrime,

262 1639 311 1702 uti
332 1640 489 1717 parerat,
512 1632 693 1715 perferrem,
716 1652 816 1714 neque
839 1639 944 1697 tamen
966 1633 1044 1697 haec
1066 1634 1173 1700 clades
1193 1634 1332 1697 animum
1344 1652 1474 1714 prorsus
1488 1632 1585 1715 fregit
1597 1652 1700 1717 neque
1714 1653 1789 1698 vero
1807 1634 1995 1710 studiorum,

262 1748 378 1831 quibus
400 1765 419 1810 a
440 1762 537 1826 puero
560 1744 639 1808 mire
663 1744 789 1810 deditus
811 1762 906 1819 eram,
929 1745 1200 1809 accuratissimam
1223 1743 1420 1825 diligentiam
1443 1762 1664 1825 summamque
1686 1744 1923 1809 iucundidatem
1945 1744 1997 1808 de·

260 1859 412 1923 bilitavit.
445 1857 583 1936 Quippe:
609 1856 694 1920 vario
716 1856 798 1919 enim
820 1859 852 1918 et
873 1855 1069 1920 calamitatis
1091 1860 1124 1918 et
1146 1854 1357 1936 malignitatis
1379 1872 1493 1935 genere
1513 1853 1667 1935 fatigatus
1688 1855 1886 1936 acquiescere
1901 1853 1998 1920 didici

262 1970 293 2033 in
315 1970 388 2034 illo:
409 1957 427 2028 ὁ
448 1957 494 2051 μὴ
516 1964 625 2048 δαρεὶς
647 1955 709 2048 γὰρ
732 1952 771 2028 od
794 1951 992 2028 παιδεύεται.

361 2077 421 2143 His
441 2079 541 2161 igitur
552 2079 647 2144 animi
658 2078 805 2142 lomentis
816 2096 866 2141 me
877 2077 1040 2143 involvens
1058 2078 1127 2140 iure
1146 2076 1321 2157 perhorrui,
1344 2106 1382 2117 -
1401 2076 1569 2156 nudusque
1587 2075 1727 2139 virorum
1744 2076 1994 2152 Mercurialium,

261 2205 339 2268 pace
361 2194 417 2251 tua
439 2186 575 2263 fecerim,
599 2176 722 2262 Horati,
755 2187 839 2267 quod
870 2203 980 2252 vocem
1015 2191 1104 2248 tuam
1130 2185 1162 2248 in
1191 2186 1291 2250 alium
1322 2204 1449 2251 sensum
1479 2192 1511 2251 et
1540 2207 1635 2252 usum
1663 2205 1718 2269 pro
1748 2188 1886 2251 numinis
1908 2186 1997 2253 illius

258 2298 470 2380 ambiguitate
491 2296 642 2373 derivavi,
666 2298 722 2361 sed
743 2297 848 2361 nudus
871 2296 1010 2359 virorum
1032 2296 1270 2385 Mercurialium
1293 2298 1405 2363 castris
1430 2298 1530 2364 amice
1558 2299 1656 2364 carui.
1700 2299 1863 2378 Expertus
1887 2304 1995 2363 autem

258 2410 330 2485 seio,
354 2408 573 2475 calamitatem
595 2413 627 2471 et
649 2409 824 2471 tumultum
846 2407 943 2470 animi
964 2406 1091 2487 saepius
1114 2407 1242 2470 mortali
1263 2408 1459 2488 necopinauti
1481 2428 1500 2473 a
1521 2410 1648 2473 numine
1670 2410 1775 2473 divino
1799 2410 1830 2473 iu
1850 2410 1996 2475 iucundi·

258 2525 360 2583 tatem
382 2524 415 2583 et
436 2519 704 2600 tranquillitatem
727 2518 875 2581 converti.
910 2515 1003 2580 Certe
1025 2517 1056 2580 in
1079 2516 1146 2596 ipso
1170 2518 1343 2583 senectutis
1366 2519 1474 2582 limine
1488 2520 1683 2584 constitutus
1699 2521 1892 2601 optimarum
1907 2519 1995 2583 litte·

258 2648 366 2693 rarum
387 2630 530 2693 ardorem
552 2629 645 2692 illum
669 2629 840 2692 iuvenilem
863 2633 895 2691 et
917 2646 1056 2691 amorem
1079 2628 1269 2704 conservavi,
1292 2630 1376 2709 quod
1392 2629 1573 2707 opulentiae
1595 2630 1753 2694 maximae
1775 2630 1873 2696 instar
1894 2628 1995 2692 haheo

261 2757 485 2820 summumque
505 2739 648 2820 magistri
671 2741 767 2804 decus
790 2744 823 2801 et
844 2743 1072 2802 ornarnenturu.

356 2848 406 2912 Ad
427 2849 546 2914 calcem
569 2848 665 2913 huius
687 2848 864 2928 scriptionis
885 2848 980 2912 liceat
1002 2865 1058 2929 per
1079 2850 1230 2912 lectorem
1252 2847 1441 2912 benevolum
1463 2849 1607 2913 debitum
1629 2852 1788 2931 quoddam
1803 2852 1994 2933 persolvere.

257 2956 407 3035 Ciceroni,
430 2977 525 3040 quem
548 2959 729 3040 corruptela
750 2960 919 3040 deceptum
941 2977 1038 3039 supra
1069 2954 1188 3037 dixi¹),
1219 2975 1380 3022 saunmnm
1412 2958 1538 3047 quidem
1568 2964 1733 3040 oratorem,
1763 2963 1819 3027 sed
1848 2961 1994 3028 criticum

255 3127 554 3135 ———.-.—--—-

362 3226 384 3290 'l
401 3225 500 3279 Verane
517 3225 670 3279 Promethei
687 3225 821 3278 379—390
838 3225 1034 3293 corruptissimi
1056 3227 1121 3278 aunt
1143 3224 1234 3279 ordine
1257 3241 1381 3278 versuum
1406 3225 1523 3292 genuino
1541 3227 1710 3294 perturbato,
1728 3244 1808 3296 quem
1827 3230 1920 3285 Cicero
1938 3231 1991 3286 sibi

260 3315 394 3370 traditum
411 3333 493 3385 quum
510 3317 733 3386 interpretaretur
758 3317 845 3371 locum
869 3318 991 3372 retinuit.
1024 3317 1139 3386 Bentley
1156 3319 1266 3385 primus,
1285 3323 1418 3387 quantum
1435 3319 1497 3383 scio,
1516 3320 1647 3373 maculam
1665 3337 1697 3374 ex
1714 3327 1790 3389 parte
1808 3324 1918 3392 quidem
1935 3341 1993 3393 per·

259 3409 359 3478 spexit:
377 3410 469 3479 itaque
487 3409 623 3465 Hermann
640 3405 709 3474 ‘hia’,
726 3411 825 3479 inquit,
841 3411 909 3464 dicit
921 3414 1011 3465 autem
1025 3427 1116 3464 versus
1128 3411 1236 3476 latinos,
1252 3406 1398 3466 ‘refutatur
1406 3413 1554 3478 Bentleins,
1572 3414 1618 3482 qui
1630 3414 1714 3468 etiam
1726 3415 1841 3470 alterum
1854 3417 1991 3473 distichon

257 3503 361 3558 Oceano
378 3503 553 3558 tribuendum
570 3500 704 3573 putabat’.
740 3506 826 3558 Immo
852 3522 912 3558 vero
931 3504 1045 3573 Bentley
1064 3521 1126 3573 prae
1144 3505 1216 3559 clara
1232 3506 1355 3560 veritatis
1374 3509 1401 3560 et
1425 3507 1537 3560 rationis
1562 3507 1621 3562 luce
1643 3525 1677 3562 ne
1702 3509 1785 3563 Tullii
1812 3510 1927 3578 quidem,
1950 3513 1992 3565 uti

256 3612 304 3664 par
322 3600 371 3660 cst,
389 3598 580 3652 auctoritatem
599 3599 748 3652 verebatur.
784 3600 816 3652 In
834 3616 892 3652 meo
909 3599 1027 3666 exemplo
1045 3601 1120 3652 totus
1138 3599 1211 3653 locus
1230 3599 1268 3653 sic
1284 3599 1387 3667 legitur
1404 3600 1570 3666 emendatus,

1030 3719 1223 3772 ΩΚΕΑΝΟΣ

752 3832 860 3903 οὔκουν,
882 3839 1044 3905 Προμηθεῦ,
1062 3840 1145 3891 τοῦτο
1163 3837 1325 3906 γιγνώσκεις,
1344 3834 1387 3894 ὅτι

749 3926 833 3999 ὀργῆς
850 3929 984 3999 νοσούσης
1005 3930 1072 3984 εἰσὶν
1090 3932 1179 3996 ἰατροὶ
1197 3932 1284 4000 λόγοι,

750 4021 799 4076 ἐάν
816 4044 857 4085 τις
874 4021 903 4076 ἐν
920 4026 1005 4096 καιρῷ
1024 4041 1053 4093 γε
1070 4026 1222 4096 μαλθάσσῃ
1239 4025 1314 4093 κεάρ,

750 4115 850 4184 καὶμὴ
868 4121 1025 4185 σφριγῶντα
1042 4119 1137 4186 θυμὸν
1155 4121 1263 4189 ἰσχαίνῃ
1279 4121 1336 4191 βίᾳ.

748 4207 777 4262 ἐν
793 4212 831 4282 τῷ
849 4213 1059 4279 προμηθεῖσθαι
1078 4210 1106 4266 δὲ
1124 4213 1170 4266 καὶ
1187 4215 1291 4284 τολμᾷν
1312 4214 1375 4265 τίνα

750 4299 817 4374 ὁρᾷς
834 4301 952 4358 ἐνοῦσαν
970 4307 1082 4374 ζημίαν,
1100 4304 1211 4360 δίδασκέ
1227 4324 1271 4372 με.

993 4429 1250 4485 ΠΡΟΜΗΘΕΤΣ.

747 4544 857 4612 μόχθον
874 4547 1001 4611 περισσὸν
1020 4548 1180 4617 κουφόνουν
1197 4545 1350 4618 τέτῖηθίαν.

749 4637 780 4691 ἔα
797 4657 829 4704 με
846 4638 928 4707 τήνδε
946 4639 997 4708 τὴν
1015 4640 1098 4694 νόσον
1115 4647 1214 4709 νοσεῖν,
1232 4638 1290 4694 ἐπεὶ

748 4729 897 4799 κέρδιστον,
917 4721 948 4786 εὖ
966 4736 1126 4800 φρονοῦντα
1143 4734 1182 4804 μὴ
1200 4736 1292 4788 δοκεῖν
1309 4739 1431 4802 φρονεῖν.

746 4820 812 4889 ἐμὸν
830 4825 938 4895 δοκήσει
956 4823 1111 4895 τιίιιλιὶκημ
1130 4824 1201 4881 εἶναι
1217 4827 1288 4884 τόδε.
