4516 5558
1117 431 1422 525 -24-‚

473 637 624 718 Quisquis
644 634 829 701 foeditatem
858 652 979 711 versus,
1012 633 1117 714 qualis
1147 633 1277 716 legitur,
1306 637 1503 714 perspectam
1536 649 1660 698 mecum
1688 633 1888 714 reputaverit
1907 637 2007 715 atque
2027 651 2129 715 quae·

370 747 479 813 variae
498 747 651 812 lectiones
671 744 820 812 feruntur
841 762 948 809 omnes
970 743 1170 825 perpenderit
1197 742 1342 826 (linguae
1354 767 1391 798 =
1404 743 1514 823 linae),
1535 760 1598 807 non
1618 744 1734 823 poterit
1761 743 1971 808 emendationi
1994 743 2105 810 certis·

369 859 470 926 simae
490 856 651 924 calculum
671 873 732 920 non
754 872 920 937 apponere.

471 967 533 1033 Sed
552 966 618 1031 alia
643 966 716 1030 laus
745 965 812 1029 viro
844 963 1121 1046 praestantissimo
1153 965 1296 1031 debetur.
1339 967 1435 1031 Ridet
1461 966 1545 1029 enim
1566 963 1619 1029 Or.
1642 963 1661 1045 ξ
1685 968 1742 1030 161
1764 963 1898 1029 nimium
1919 965 2055 1046 rigorem
2076 968 2110 1028 et

371 1079 590 1144 morositatem
618 1094 770 1141 uovorum
797 1081 973 1156 poetarum,
1006 1074 1060 1156 qui
1090 1080 1236 1141 veterum
1264 1078 1533 1153 consuetudinem,
1563 1094 1628 1157 qua
1653 1075 1795 1140 litteram
1816 1093 1833 1139 s
1854 1074 1981 1140 finalem
2003 1075 2111 1140 verbis

372 1189 578 1265 detraxerint,
610 1188 744 1268 fugiant.
788 1187 894 1266 Atque
915 1186 1078 1262 Horatius,
1110 1185 1246 1252 Goethei
1277 1186 1377 1252 frater
1403 1187 1461 1252 ille
1487 1186 1656 1270 gemellus,
1686 1186 1746 1253 hoc
1768 1184 1869 1250 Tullii
1891 1185 2044 1252 iudicium
2066 1205 2110 1264 re,

371 1317 433 1365 non
453 1299 559 1364 verbis
579 1295 777 1378 approbavit.
821 1296 891 1359 Non
912 1296 995 1359 enim
1016 1297 1146 1378 scripsit
1167 1298 1262 1379 epist.
1285 1298 1310 1376 l,
1336 1304 1383 1363 16.
1406 1318 1426 1361 r
1451 1305 1498 1377 15,

768 1405 829 1470 hae
850 1404 994 1468 latebrae
1016 1407 1125 1472 dulces
1146 1407 1243 1472 etiam
1267 1409 1296 1474 si
1318 1410 1420 1475 credis
1440 1426 1590 1474 amoenae

771 1515 962 1580 incolumem
984 1515 1043 1579 tibi
1065 1533 1115 1579 ure
1136 1523 1301 1597 praestant
1320 1518 1560 1599 Septembribus
1583 1517 1678 1595 horis,

371 1629 457 1710 quod
477 1626 652 1692 absurdum
674 1631 732 1702 est,
753 1624 872 1689 frustm
894 1643 913 1687 a
935 1624 1088 1702 Bentleio,
1114 1626 1186 1691 aliis
1207 1631 1376 1705 tentatum,
1400 1631 1455 1693 sed
1476 1628 1611 1708 scripsit,

770 1735 830 1799 hae
851 1734 995 1799 latebrae
1017 1736 1135 1812 dulces,
1158 1736 1255 1800 etiam
1278 1739 1305 1802 si
1327 1739 1429 1805 credis
1451 1737 1626 1803 Camoenae
1647 1744 1707 1803 etc.

473 1846 552 1924 Quis
572 1846 655 1911 enim
674 1847 817 1910 crederet
838 1845 995 1909 homiuem
1015 1863 1034 1907 a
1056 1844 1176 1925 pituita
1197 1849 1334 1912 molesta
1353 1854 1507 1913 renatum
1529 1848 1726 1913 allnsarum
1741 1848 1834 1913 cultu
1849 1866 1909 1913 uon
1920 1848 2108 1913 abhorrere?

373 1956 444 2023 Hoc
463 1961 572 2020 autem
593 1956 714 2037 pluries
735 1956 905 2019 Horatium
926 1953 1040 2020 secisse
1061 1954 1204 2021 evincere
1232 1975 1372 2037 possum.
1416 1957 1535 2023 Verum
1560 1951 1748 2041 ειῗφημεῖτε,
1780 1966 1830 2025 est
1859 1965 1891 2023 et
1920 1958 2007 2025 fideli
2036 1963 2109 2022 tuta

372 2066 500 2133 silentio
521 2084 656 2133 merces:
679 2066 875 2147 deprehendo
898 2082 947 2128 rue
968 2045 1141 2146 loquacem}
1165 2085 1264 2147 quum
1286 2086 1383 2148 supra
1406 2068 1539 2133 dixerim
1561 2071 1645 2134 tales
1666 2056 1858 2152 προμάχους
1878 2068 1985 2136 adhuc
1999 2069 2105 2137 obtec-

372 2183 443 2241 tum
465 2177 514 2242 iri.
558 2179 601 2241 At
622 2176 705 2241 enim
727 2175 821 2243 Ceres
842 2193 957 2240 arcana
977 2194 1037 2239 uon
1059 2177 1176 2256 agitur.
1209 2177 1298 2241 l'ale.
