4516 5558
1089 425 1332 500 ...18-

340 622 385 687 Μ.
408 623 505 687 habet
526 618 653 704 δροίτῃ,
674 622 731 686 alii
753 617 879 704 δροίτῃ.
922 624 1011 702 Quae
1039 643 1136 705 quam
1166 625 1305 692 absurda
1333 627 1398 692 siut
1425 629 1538 706 omnia,
1572 631 1626 694 vin
1655 632 1800 697 mortalis
1828 641 1879 697 est
1904 635 2019 699 mentis
2040 654 2078 701 ac

340 734 470 815 linguae
491 736 663 800 declarare.
706 734 767 799 Sed
796 734 822 799 si
851 734 948 797 habet
974 736 1042 799 reri
1071 736 1323 816 similitudinem,
1350 729 1458 803 ἄποιν’
1480 741 1511 805 in
1532 731 1646 819 (ἔμειν’,
1666 733 1803 826 εὔφρονι
1815 764 1850 825 γε
1873 745 1905 809 in
1925 735 2078 828 εὔφροσι,

341 843 436 931 δσίιχ
461 849 492 914 in
514 842 640 929 δροίτῃ,
662 836 762 927 ἄχειρ
785 837 835 908 ἔτι
859 847 890 909 iu
912 833 1071 928 ἅτὲρματι
1095 850 1246 928 temporis
1268 850 1384 915 iniuria
1405 853 1457 916 rel
1478 854 1654 920 scribarum
1675 855 1796 920 incuria
1817 859 1868 922 vel
1889 860 1992 927 nescio
2014 878 2076 940 quo

341 961 482 1035 consilio,
507 960 559 1024 vel
581 961 665 1042 quod
688 977 750 1022 una
772 958 953 1040 corrupt-ela
974 960 1116 1024 traheret
1136 961 1243 1038 aliam,
1273 962 1397 1040 abiisse,
1427 964 1509 1029 illud
1536 970 1642 1031 tamen
1662 968 1813 1032 maiorem
1835 969 1902 1033 veri
1924 971 2076 1035 similitu·

340 1073 443 1136 dinem
466 1075 552 1136 certe
572 1071 635 1135 iam
656 1071 806 1145 uindicat,
827 1068 900 1153 περὶ
923 1075 1053 1153 pmptar
1072 1075 1280 1152 anapaestum
1301 1090 1341 1135 ex
1362 1073 1520 1138 industria
1540 1075 1572 1140 in
1592 1075 1733 1160 περῶντι
1754 1083 2075 1157 esseconrmutatum,

340 1202 402 1264 quo
424 1182 508 1247 facto
530 1172 663 1265 ὦςπερεὶ
693 1173 893 1264 στεχοὲσματι
927 1201 1026 1264 quum
1056 1181 1114 1245 hoc
1145 1199 1251 1246 rerum
1280 1185 1370 1246 statu
1401 1185 1493 1248 riretri
1527 1189 1654 1254 modum
1686 1191 1883 1266 excederent,
1916 1189 2076 1270 corrumpi
2164 1232 2169 1245 ι

340 1311 468 1359 necesse
490 1301 584 1362 esset.
629 1295 789 1359 Hermann
811 1296 857 1359 ita
877 1296 983 1359 locum
1005 1292 1166 1367 tractarit,

786 1396 829 1468 τὰ
851 1403 975 1469 π)εῖστ’
998 1393 1130 1482 ἄμεινον
1150 1391 1309 1484 εὔφροσιν
1330 1399 1504 1488 δεδεγμένη

789 1624 923 1711 δροίτης
945 1625 1084 1709 περῶντι
1109 1606 1241 1709 λουτροῖ,
1262 1615 1338 1689 κάπὶ
1363 1623 1499 1708 τέρματι

788 1739 896 1825 φᾶρος
918 1727 1174 1823 παρεσκήνωσεν,
1194 1735 1228 1802 ἐν
1249 1727 1432 1822 δ’ἆτὲρμονι

339 1850 393 1930 qui
415 1868 601 1932 progressus
623 1852 729 1917 hercle
750 1855 854 1919 nescio
875 1872 914 1919 an
937 1853 981 1918 sit
1001 1855 1041 1918 ad
1062 1853 1212 1917 deterius.
1256 1852 1405 1934 Hartung
1425 1857 1532 1915 autem
1553 1851 1694 1917 scribens
1714 1842 1791 1916 κάπὶ
1806 1842 1953 1934 τεύχεσιν
1967 1854 2073 1925 addit}

337 1949 442 2025 ‘unsre
464 1961 643 2045 Besserung
664 1962 868 2047 rechtfertigt
889 1964 956 2029 sich
977 1959 1097 2029 selbst'.
1141 1965 1255 2045 ltaque
1276 1963 1400 2028 nullam
1422 1963 1554 2044 requirit
1572 1962 1806 2031 refutationem.

439 2100 500 2165 Sed
531 2099 609 2168 haec
639 2101 806 2167 hactenus:
840 2103 933 2167 redeo
961 2103 1001 2167 ad
1030 2101 1157 2166 initium
1186 2101 1456 2166 commentationis
1476 2106 1509 2166 et
1530 2100 1657 2166 Canteri
1687 2111 1883 2186 anapaestos,
1912 2126 1992 2189 quos
2011 2109 2074 2174 rite

338 2212 474 2278 traditos
494 2233 513 2278 a
535 2212 613 2278 viris
635 2212 830 2280 doctissimis
851 2214 905 2277 vel
924 2214 1085 2294 neglectos
1106 2212 1159 2275 rel
1181 2213 1354 2294 comigendi
1376 2212 1542 2276 voluntate
1564 2213 1741 2279 maculatos
1755 2233 1824 2280 esse
1838 2217 1915 2294 dixi,
1937 2223 2074 2284 contem·

337 2323 457 2404 piabor.
502 2324 593 2402 Quod
613 2323 777 2406 negotium
799 2343 899 2405 quum
926 2323 973 2400 iis,
1003 2342 1085 2405 quae
1114 2341 1210 2403 supra
1238 2321 1382 2403 exposui,
1409 2323 1512 2387 multo
1540 2320 1687 2386 futurum
1715 2329 1800 2389 esset
1820 2327 2009 2405 expeditius,
2033 2330 2073 2392 ad

338 2433 422 2500 hunc
444 2437 550 2500 locum
565 2435 736 2499 reservari.
769 2436 819 2499 Ex
843 2435 969 2516 quibus,
992 2440 1068 2500 suut
1088 2439 1196 2497 autem
1219 2436 1337 2510 decem,
1359 2450 1439 2515 quos
1460 2437 1584 2513 quarto,
1607 2433 1726 2514 quinto,
1749 2436 1883 2515 septimo
1899 2437 1966 2501 loco
1981 2438 2073 2519 posui

337 2545 440 2610 Pium
462 2564 482 2609 v
506 2551 576 2622 248,
598 2551 669 2623 473,
693 2553 762 2623 949,
784 2564 837 2613 eos
859 2566 956 2627 supra
978 2548 1040 2610 iam
1061 2544 1165 2625 attigi.
1210 2543 1271 2621 Qui
1294 2547 1424 2620 restant,
1447 2561 1487 2606 en
1510 2542 1549 2607 iis
1571 2543 1674 2608 Prom.
1698 2549 1803 2622 vido,
1827 2550 1897 2624 354,
1920 2551 1990 2628 681,
2012 2549 2070 2629 Ag.

338 2663 439 2733 v489,
459 2658 554 2722 Eum.
567 2676 585 2718 v
598 2661 658 2722 438
669 2663 744 2721 sunt
755 2658 918 2734 eiusmodi,
941 2662 979 2722 ut
990 2659 1117 2738 praeter
1127 2659 1335 2734 anapaestum
1345 2652 1426 2718 nihil
1438 2672 1629 2736 quemquam
1650 2673 1761 2720 sanum
1783 2656 1938 2723 offendere
1959 2661 2071 2740 possit.

338 2768 407 2845 Quo
429 2767 556 2831 horrore
580 2767 641 2831 iam
663 2765 800 2832 feliciter
820 2768 976 2832 exstincto
997 2783 1058 2831 non
1080 2769 1129 2830 est·
1150 2783 1206 2828 cur
1226 2782 1338 2829 versus
1367 2764 1503 2845 optimas
1531 2763 1707 2830 (lesendam.
1751 2766 1933 2833 Tenendum
1961 2775 2070 2833 autem

317 2880 390 2952 est,
426 2876 522 2941 libms
552 2878 670 2958 ubique
698 2877 967 2959 praeclarissimos
999 2884 1083 2942 teste
1105 2875 1295 2951 Hermanno,
1328 2893 1424 2955 quem
1453 2874 1589 2955 singulis
1616 2876 1648 2941 in
1677 2877 1755 2943 locis
1785 2880 1950 2944 consulere
1978 2881 2068 2957 velis,

335 2992 543 3068 anapaestum
565 2986 691 3064 habere,
724 3006 806 3068 quae
834 3005 908 3051 vero
937 2987 996 3051 viri
1026 2982 1109 3051 docti
1131 2986 1283 3051 mutando
1305 2984 1509 3063 scripserunt,
1543 2985 1661 3064 part-im
1688 2987 1833 3065 absurda,
1862 2991 1965 3054 omnia.
1989 2991 2070 3056 salsa

335 3116 414 3163 esse.
458 3097 494 3161 ln
515 3098 708 3163 editionibus
732 3098 831 3180 igitur
851 3098 975 3175 abhinc,
1009 3096 1064 3162 ubi
1092 3098 1212 3179 legitur
1240 3095 1420 3163 huiusmodi
1443 3095 1473 3158 in
1495 3095 1574 3161 locis
1596 3095 1684 3160 verbi
1705 3098 1810 3178 gratia
1830 3099 1960 3182 Stanley
1983 3120 2069 3168 cor·

333 3209 451 3285 rexit,
474 3210 628 3274 audacter
649 3227 773 3275 mecum
795 3209 975 3276 substituas
996 3207 1128 3290 Stanley
1150 3206 1348 3288 corrupit.
1380 3205 1509 3287 Reliqui
1532 3207 1594 3271 duo
1612 3210 1688 3272 sunt
1708 3207 1780 3284 loci,
1803 3209 1858 3291 qui
1874 3213 2069 3278 accuratiore

334 3318 597 3398 contemplatione
618 3318 787 3382 videantur
807 3317 956 3399 indigere.
999 3318 1095 3399 Apud
1116 3319 1289 3384 Canterum
1311 3318 1413 3399 igitur
1433 3317 1554 3398 legitur
1575 3317 1679 3382 Pmm.
1701 3336 1721 3381 v
1744 3324 1804 3385 215

777 3425 881 3512 χρείη,
902 3412 988 3510 δόλῳ
1010 3424 1046 3490 δὲ
1067 3420 1146 3501 τούς
1168 3420 1384 3511 ὑπερέξοντοις
1404 3430 1542 3512 κρατεῖν.

432 3542 480 3605 De
501 3540 669 3605 Titanibus
689 3558 791 3605 sermo
814 3545 873 3618 est,
896 3559 976 3623 quos
998 3541 1074 3606 dicit
1095 3539 1206 3604 Tellus
1227 3558 1286 3604 uon
1309 3539 1342 3602 vi
1363 3539 1506 3604 rictums
1526 3556 1605 3615 esse,
1634 3540 1690 3604 sed
1712 3558 1775 3617 eos,
1805 3542 1860 3622 qui
1883 3544 1955 3608 dolo
1976 3564 2068 3628 supe·

330 3653 428 3720 riores
449 3658 554 3719 essent
574 3650 687 3730 futuri,
710 3651 861 3716 victuros.
906 3654 1008 3730 Quam
1029 3650 1132 3716 fateor
1151 3649 1351 3727 sententiam,
1375 3650 1413 3714 de
1434 3655 1606 3729 anapaesto
1628 3667 1689 3715 non
1710 3651 1831 3733 loquor,
1861 3658 1894 3718 et
1915 3658 2067 3722 rationem

330 3764 452 3830 dicendi
484 3762 626 3829 nonnihil
657 3761 774 3826 habere
794 3764 879 3844 quod
899 3761 1048 3829 offendat.
1092 3764 1291 3844 Quamquam
1312 3761 1418 3826 minus
1439 3760 1471 3825 id
1493 3760 1620 3841 quidem
1650 3759 1785 3827 editores
1808 3767 1916 3830 movit.
1961 3769 2065 3842 Quum

331 3875 402 3939 libri
425 3875 577 3939 haberent-
596 3867 822 3958 ὑπερέχοντας,
845 3874 930 3954 quod
951 3873 1104 3938 uitiosum
1132 3878 1192 3949 est,
1220 3873 1355 3939 Parisini
1383 3874 1513 3955 quidam
1535 3862 1778 3956 ῦπερέσχοντσς,
1806 3876 1942 3940 Turnebi
1969 3871 2065 3935 editio

331 3977 555 4067 ὑπερέξοντας,
578 3986 703 4063 Canter,
726 3986 811 4067 quod
826 3983 998 4048 maximam
1014 3983 1335 4050 verisimilitudinem
1350 3983 1491 4060 haberet,
1513 3984 1658 4066 eligendo
1670 3987 1701 4051 in
1712 3991 1883 4068 anapaesto
1894 3979 2065 4060 acquievit.

329 4101 402 4165 Jam
426 4117 499 4164 vero
512 4098 629 4162 Person
650 4097 753 4161 iratus
775 4096 847 4177 pedi
862 4093 991 4176 scripsit
1004 4081 1236 4176 ὑπερσχόντας,
1252 4095 1418 4160 'Hermann
1431 4085 1645 4179 uacationes:
1669 4102 1841 4174 utrumque
1854 4107 1945 4154 nemo
1960 4107 2065 4165 sanus

329 4212 413 4292 quod
435 4212 473 4274 ad
497 4206 687 4273 sententiam
710 4213 743 4271 at
771 4206 938 4271 dictionem
965 4207 1091 4284 attinet,
1121 4206 1249 4272 (lauteri
1279 4208 1457 4287 scripturae
1485 4205 1650 4286 praeferet
1694 4203 1755 4268 Sed
1784 4199 1888 4265 omnia
1914 4201 2065 4275 nonnihil,

327 4321 438 4399 fateor,
470 4318 649 4385 offensionis
680 4318 846 4382 continent.
891 4318 936 4382 Ut
968 4317 1056 4382 brevi
1088 4320 1287 4399 complectar,
1322 4334 1444 4380 mecum
1477 4316 1559 4379 aude
1581 4319 1707 4379 servato
1736 4313 1816 4394 pede
1845 4312 1889 4377 sic
1918 4311 2064 4376 scribere.

768 4425 878 4520 χρείη,
899 4413 989 4510 δόλῳ
1011 4425 1045 4490 δὲ
1069 4418 1148 4500 τούς
1168 4418 1404 4510 ὑπερείποντος
1428 4427 1567 4507 κρατεῖν.

427 4542 512 4619 Quid
534 4542 578 4606 sit
599 4531 806 4622 ὑπ-ερείπω
834 4558 924 4605 nemo
954 4540 1055 4608 nescit
1083 4545 1178 4621 atque
1204 4539 1362 4613 concedet,
1396 4537 1579 4603 subruendi.
1615 4536 1775 4603 evertendi
1808 4536 1965 4599 notionem
1999 4533 2065 4596 loco

329 4655 466 4719 maxime
487 4653 661 4719 convenire.
696 4652 783 4718 llicit
796 4651 896 4733 igitur
910 4651 1032 4725 Tellus,
1054 4670 1107 4715 eos
1130 4651 1214 4715 solos
1229 4667 1299 4712 esse
1315 4648 1538 4724 dominaturos,
1560 4648 1615 4728 qui
1638 4646 1659 4709 J
1662 4647 1731 4711 ovis
1744 4646 1912 4726 imperium
1934 4643 2065 4707 euertis-

326 4769 406 4830 sent.
450 4764 604 4845 Sequitur
625 4765 736 4845 Agaue.
760 4782 778 4825 v
805 4767 893 4838 1226,
921 4779 1016 4842 quern
1037 4762 1141 4827 locum
1165 4760 1324 4825 Hermann
1345 4760 1391 4826 sic
1414 4759 1519 4835 habet,

773 4864 817 4936 ἴτ’
840 4868 875 4944 ἐς
896 4865 1031 4955 φθόρον
1053 4858 1190 4935 πεσόντ’·
1213 4861 1277 4952 e'yu)
1298 4861 1382 4950 δεῖμ’
1404 4866 1548 4952 ἕψομαι·
