4516 5558
1035 458 1250 527 ,7-

273 661 469 720 momentum
491 672 560 719 esse
583 653 789 734 deprehendo.
821 651 883 718 Sed
904 651 987 734 finge
1007 655 1100 719 modo
1121 660 1248 735 poetam
1268 656 1313 721 sic
1334 657 1505 738 scripsisse.
1539 656 1621 736 Quid
1636 658 1807 739 proclivius
1822 663 1891 724 erat
1904 678 2007 742 gram·

274 766 388 831 matico
416 765 484 833 sive
511 764 644 830 formam
667 764 865 829 Homericam
896 764 1054 846 ignoranti
1087 766 1155 830 sive
1181 765 1332 831 miserum
1361 768 1472 848 pedem
1500 785 1611 848 peroso
1636 767 1704 835 sive
1725 769 1859 851 primam
1880 771 2007 854 longam

273 879 360 947 vocis
383 863 537 949 Μαιάδος
558 875 747 958 postulanti,
769 894 865 958 quam
887 880 924 940 ut
943 870 1058 948 Μαίας
1085 878 1257 941 inveheret.
1301 877 1370 954 Quo
1396 876 1481 946 facto
1509 876 1603 944 facilc
1630 879 1713 944 illud
1741 881 1819 953 παῖς
1841 877 1954 955 Μαίας
1975 885 2007 949 in

272 993 489 1072 corruptelam
518 991 608 1056 illam
638 985 742 1050 παῖδα
769 990 836 1054 sive
857 985 961 1051 παῖδα
983 986 1051 1071 γῆς,
1076 1008 1172 1071 quarn
1194 987 1265 1052 libri
1288 979 1497 1064 tradiderunt,
1530 986 1616 1052 abire
1643 987 1752 1070 potuit
1778 991 1846 1058 sire
1873 990 2008 1060 fortuito

272 1103 340 1168 sire
362 1101 492 1169 consilio
514 1101 645 1179 scribae,
669 1100 724 1182 qui
746 1119 837 1166 suam
859 1103 899 1167 de
917 1101 1067 1165 Merrurii
1088 1117 1202 1182 genere
1223 1098 1398 1165 doctrinam
1421 1099 1521 1163 vellet
1540 1116 1733 1180 expromere.
1766 1101 1918 1169 Ceterum
1932 1123 2006 1171 cum

272 1213 395 1279 nemine
418 1215 613 1291 contendam,
643 1214 698 1296 qui
726 1210 829 1275 παῖδα
849 1209 965 1285 Μαίας
991 1211 1191 1293 praetulerit,
1219 1209 1322 1275 fateor
1350 1211 1451 1288 modo,
1481 1210 1722 1277 similitudinem
1751 1212 1953 1282 Homericam
1972 1219 2007 1281 et

271 1326 361 1406 pedis
384 1325 630 1392 misericordiam
653 1326 738 1406 apud
760 1343 811 1390 me
830 1326 948 1390 valere.
991 1325 1074 1390 Sunt
1100 1323 1179 1390 haec
1208 1321 1371 1398 eiusmodi,
1402 1323 1440 1387 de
1462 1320 1578 1402 quihus
1600 1322 1754 1406 Lessingii
1775 1325 1895 1391 dictum
1916 1344 2005 1407 prae·

270 1436 362 1517 cipue
383 1437 552 1502 tenendum
574 1455 643 1503 esse
669 1437 825 1514 videatur,
857 1455 914 1502 nos
946 1437 1053 1501 locum
1085 1435 1241 1516 quendam
1273 1437 1458 1512 corruptum
1484 1450 1553 1499 esse
1581 1440 1751 1515 procerte
1780 1436 1881 1503 dicere
1901 1455 2003 1518 posse,

270 1547 347 1630 quid
368 1548 502 1629 scriptor
522 1547 679 1625 habuerit,
701 1565 762 1613 non
782 1565 884 1629 posse.
927 1548 1016 1613 Illud
1038 1544 1216 1613 certissime
1237 1541 1370 1609 iudicari
1384 1546 1500 1625 potest,
1523 1546 1608 1625 quod
1629 1545 1789 1611 Hermann
1810 1565 1848 1612 err
1869 1548 2006 1630 vulgata

267 1660 404 1726 retinuit
2048 1654 2052 1665 '

735 1759 873 1853 ”Αργον,
894 1758 952 1832 τὸν
970 1758 1094 1851 ιΕρμῆς
1116 1762 1221 1830 παῖδα
1242 1761 1302 1848 γῆς
1323 1759 1523 1839 κατέκτανεν,

271 1886 484 1967 respuendum
506 1901 575 1949 esse
596 1888 728 1966 propter
736 1887 970 1947 monstruosam
981 1880 1149 1945 verborum
1170 1876 1419 1944 collocationem.
1452 1876 1513 1942 Sed
1535 1876 1640 1942 locum
1661 1895 1697 1942 eo
1718 1880 1921 1960 potissimum
1936 1900 2005 1948 oon·

269 1996 342 2061 silio
364 1995 479 2076 recepi,
501 1999 539 2059 ut
558 1994 643 2058 viam
663 1992 743 2058 mihi
764 1993 804 2058 ad
824 1993 905 2058 alias
927 1992 1056 2056 Homeri
1077 1989 1303 2056 similitudines
1324 1990 1489 2054 munirem.
1522 1990 1642 2055 Eadem
1664 1988 1729 2056 fere
1750 1993 1832 2057 ratio
1847 1999 1897 2059 est
1908 1993 2004 2062 huius

269 2107 331 2174 loci
353 2107 495 2171 eiusdem
517 2104 645 2171 fabulae
667 2124 687 2169 v
708 2109 779 2180 475,
801 2121 896 2184 quem
918 2102 1078 2167 Hermann
1099 2105 1227 2167 servata
1249 2100 1378 2165 Porsoni
1401 2099 1583 2167 coniectura
1602 2093 1786 2186 εὖρηθέντα
1808 2107 1853 2174 sic
1865 2106 2003 2187 exhibet,

765 2209 893 2277 αἰδοῖον
914 2203 1093 2296 εὑρεθέντα
1114 2197 1271 2294 πρόξενον
1293 2209 1414 2292 λαβεῖν,

268 2346 325 2410 ego
347 2344 431 2404 vcro,

760 2431 889 2499 αἰδοῖον
911 2425 1130 2518 adpositam
1156 2422 1313 2518 πρόξενον
1335 2433 1454 2517 λαβεῖν.
1541 2501 1543 2505 ,
1605 2491 1609 2500 .

369 2553 498 2620 Scilicet
519 2552 562 2617 M.
585 2550 728 2616 servavit
747 2534 787 2612 εὖ
809 2546 926 2630 ῥέοντα
954 2544 1119 2630 πραξένον.
1161 2547 1275 2629 ltaque
1302 2546 1431 2613 Homeri
1458 2551 1698 2618 similitudinem
1727 2561 1858 2622 secutus
1885 2557 2003 2624 conieci

267 2652 494 2748 εὐαρονέοντα,
515 2681 707 2745 quamquam
730 2661 865 2728 cuilibet
885 2660 1043 2741 optionem
1065 2659 1184 2741 largior
1205 2660 1286 2724 inter
1306 2648 1527 2742 εὐφρονὲοντα
1540 2667 1574 2728 et
1587 2655 1819 2748 εὐφρονοῡντα.
1851 2663 1914 2732 Sed
1929 2668 2002 2735 vide

267 2779 348 2844 hanc
369 2775 626 2850 emendationem,
648 2792 744 2857 quam
766 2771 896 2837 Homeri
916 2770 1106 2836 auctoritate
1126 2774 1219 2834 tutus
1241 2771 1390 2836 audacior
1409 2774 1631 2855 praestiterim,

765 2883 870 2948 Prom.
891 2902 912 2947 v
935 2886 993 2946 351
1016 2876 1131 2964 ἕστηκε
1152 2877 1264 2954 κίονας
1286 2871 1426 2965 οὐρανοῦ
1449 2882 1558 2948 τεκαὶ
1585 2873 1706 2965 χθονός

1018 2983 1124 3072 α’ίμοις
1146 2989 1289 3077 ἐρείδων,

365 3107 561 3189 Jampridem
583 3110 752 3186 anapaesto
782 3104 954 3169 exturbato
978 3123 1039 3171 non
1064 3107 1169 3171 solum
1190 3106 1394 3185 Eustathius,
1423 3111 1478 3175 sed
1507 3110 1574 3191 ipse
1595 3109 1790 3176 Plutarchus
1818 3110 1898 3192 legit
1917 3103 1999 3172 κίον’

266 3221 351 3301 quod
379 3237 477 3301 quum
506 3222 615 3298 aperte
634 3215 715 3280 nihil
737 3220 831 3291 esset,
853 3215 910 3279 alii
929 3205 1010 3277 κιαίν
1032 3217 1236 3298 scripserunt,
1260 3218 1365 3299 ipsum
1387 3218 1612 3284 Prometheum
1635 3220 1815 3286 columnam
1837 3219 1999 3302 fingentes

267 3329 357 3408 Quod
379 3332 565 3408 aspamatus
588 3325 748 3391 Hermann
768 3326 808 3390 ad
830 3317 910 3387 κίον’
938 3328 1041 3405 rediit,
1075 3328 1258 3393 incredulus
1288 3329 1352 3405 ille,
1384 3329 1446 3394 nisi
1474 3327 1578 3407 fallor,
1608 3332 1646 3396 de
1673 3330 1772 3395 nimia
1799 3333 1999 3413 corruptelae

263 3443 436 3504 vetustate.
480 3437 600 3503 Verum
621 3438 723 3505 evinci
743 3440 861 3519 potest,
884 3437 1065 3505 Ciceronem
1087 3439 1278 3520 corruptelis
1299 3441 1492 3522 tragicorum
1513 3439 1613 3506 luisse
1634 3444 1811 3523 deceptum.

363 3550 504 3616 Accedat
524 3549 575 3615 his
596 3549 782 3625 emendatio,
804 3567 901 3630 quam
922 3548 954 3614 in
976 3548 1099 3616 deliciis
1121 3549 1222 3616 habeo
1235 3550 1274 3631 ¹),
1298 3552 1446 3633 quamvis
1468 3551 1583 3618 debilis
1602 3553 1646 3619 sit
1660 3552 1790 3619 Homeri
1804 3553 1996 3620 similitudo:

367 3753 388 3817 ¹)
407 3753 458 3808 Sed
477 3753 536 3807 ride
554 3769 634 3823 quam
653 3752 764 3821 fragiles
781 3752 839 3806 sint
855 3769 897 3806 res
913 3752 1054 3808 hnmanae.
1090 3753 1200 3807 Etenim
1217 3759 1281 3809 ante
1297 3755 1347 3810 hos
1364 3772 1459 3811 norem
1477 3773 1561 3812 annos
1579 3774 1660 3827 quum
1679 3758 1784 3828 aliquot
1795 3757 1997 3812 emendationes

260 3847 423 3901 Horatianus
449 3847 500 3901 hac
526 3847 616 3902 eadem
642 3847 779 3902 occasione
804 3845 939 3901 scribendi
964 3847 1057 3901 oblata
1079 3863 1260 3916 proponerem,
1283 3866 1330 3918 pg.
1358 3849 1389 3903 12
1412 3851 1444 3904 ad
1468 3867 1548 3906 carna
1566 3852 1589 3916 l,
1613 3851 1636 3914 1,
1655 3860 1677 3904 ‘r
1700 3851 1716 3903 6
1741 3851 1907 3906 coniecturae
1924 3867 1998 3905 meae

259 3941 418 3997 dominos
445 3958 531 4011 quac
557 3941 672 3996 evehit
697 3940 789 3995 eadem
809 3941 858 3994 illa
880 3941 963 3996 rerba
983 3934 1073 4010 ‘quam
1096 3957 1159 4010 prae
1183 3944 1278 3998 ceteris
1303 3943 1358 3999 fere
1382 3946 1410 3999 iu
1435 3945 1539 4000 deliciis
1555 3941 1649 3999 habeo’
1666 3944 1812 4013 adjungere
1830 3960 1911 3999 ausus
1928 3960 1997 3999 sum.

260 4039 346 4094 Hodie
366 4056 427 4094 vero
444 4038 519 4095 locus
537 4039 565 4093 in
582 4054 641 4092 meo
659 4035 777 4104 exemplo
795 4036 833 4090 sic
849 4035 965 4104 legitur:

807 4130 885 4193 Sunt,
902 4144 969 4197 quos
987 4127 1118 4183 curriculo
1135 4127 1271 4196 pulverem
1288 4128 1457 4197 Olpnnpicum

807 4224 954 4292 conlegisse
970 4224 1048 4277 iurat
1064 4224 1190 4289 metaque
1206 4219 1317 4274 fervidis

807 4319 911 4373 evitata
928 4318 996 4371 rotis
1013 4316 1155 4385 palmaque
1172 4314 1282 4369 nobilis.

804 4416 935 4468 terrarum
952 4412 1074 4466 dominos
1091 4408 1183 4464 evehit
1200 4407 1233 4461 ad
1255 4408 1318 4463 deos

805 4534 884 4597 hunc,
902 4534 925 4588 si
941 4532 1082 4588 mobilium
1099 4534 1151 4587 etc.

356 4627 439 4681 Vides
462 4624 677 4680 emendationem
704 4641 790 4680 meam
813 4630 921 4682 mutata
941 4627 998 4681 sola
1019 4626 1238 4696 interpunctione
1262 4625 1323 4680 niti.
1362 4623 1412 4679 Sed
1432 4625 1577 4680 cavendum
1595 4640 1651 4680 esse
1669 4626 1763 4690 sentio,
1779 4642 1813 4680 ne
1832 4625 1894 4678 dum
1912 4625 1992 4679 aliam

256 4736 312 4774 rem
331 4737 411 4789 agam
429 4719 560 4775 curriculo
578 4717 626 4772 illo
644 4716 795 4774 Horatiano
812 4721 937 4791 abripior.
957 4722 1055 4790 Itaque
1063 4736 1134 4774 nnnc
1147 4718 1257 4789 quidem
1269 4734 1348 4787 aegre
1360 4719 1518 4787 supersedeo
1530 4722 1559 4774 et
1571 4719 1721 4774 accuratius
1733 4720 1802 4774 hanc
1814 4720 1993 4774 coniecturam

257 4814 368 4880 probare
385 4818 414 4869 et
432 4814 497 4883 quid
515 4812 621 4870 dnobus
640 4812 732 4880 primis
752 4814 873 4867 versibus
889 4813 1041 4868 faciendum
1059 4814 1097 4867 sit
1114 4811 1250 4867 declarare
1267 4816 1295 4867 et
1313 4812 1402 4866 totins
1416 4813 1541 4867 carminis
1561 4813 1743 4868 venustissimi
1764 4813 1894 4883 reliquam
1906 4829 1995 4868 emen·

256 4907 392 4961 dationem
411 4924 565 4978 proponere.
584 4907 654 4974 Quid
671 4906 779 4977 igitur?
795 4907 938 4962 abstinebo
955 4908 983 4960 iu
1001 4911 1137 4976 posterum
1156 4907 1252 4976 ntique
1270 4906 1304 4960 ab
1334 4905 1501 4974 appellandis
1522 4904 1633 4970 deliciis,
1657 4923 1708 4959 non
1727 4904 1887 4960 struendis.
1920 4905 1992 4960 Nam
