4516 5558
1057 422 1277 496 ...6-

295 614 465 699 συνειπών,
486 626 580 696 θεοῖς
601 607 759 687 οονειπιόν
787 624 889 687 vitato
915 629 1096 704 anapaesto,
1126 629 1217 689 ratus
1245 625 1329 690 illud
1357 613 1416 688 σόν
1437 627 1468 690 in
1490 646 1543 690 σιν
1567 626 1667 696 fuisse
1695 636 1867 697 mutatum.
1911 631 2030 698 Verum

162 752 170 767 ·
291 757 396 830 guum
417 742 450 802 et
471 737 649 818 Aeschylus
668 742 755 801 amet
774 733 891 799 iormas
913 734 1076 798 dativi-
1096 753 1149 797 οιν
1169 739 1202 798 ct
1223 734 1296 799 libri
1317 752 1425 802 omnes
1446 756 1499 800 σιν
1519 744 1682 817 tueantur,
1704 758 1742 805 eo
1763 741 1826 805 iam
1839 758 1906 817 nos,
1928 743 1956 808 si
1971 743 2032 809 diis

296 850 412 931 placet,
434 848 614 930 pervenisse
632 845 727 911 facile
747 844 940 919 crediderim,
964 850 1001 909 ut
1022 851 1230 927 anapaestum
1251 847 1391 927 amplexi
1414 848 1641 929 praeferamus.

395 961 499 1025 Prom.
523 978 542 1022 v
567 961 625 1023 113
646 957 691 1022 sic
711 955 885 1023 emendavi.

791 1056 974 1149 ὑπαίθριος
995 1067 1145 1146 δεσμοῖσι
1170 1065 1484 1148 πεπασσαλευμένος.

394 1182 522 1248 Possem
543 1178 677 1258 δεσμοῖς
698 1180 842 1253 scribere,
864 1181 920 1245 sed
940 1188 1131 1261 anapaestus
1154 1181 1257 1247 allicit
1279 1180 1370 1244 libris
1391 1183 1613 1249 annuentibus
1645 1182 1720 1247 Jam
1742 1182 1825 1265 finge
1843 1185 1936 1250 modo
1950 1184 2032 1251 hanc

295 1295 462 1360 lectionem
483 1292 582 1359 fuisse
603 1294 781 1375 genuinam.
826 1293 909 1370 Quid
931 1291 1055 1356 scriba?
1088 1292 1242 1356 Odiosum
1271 1292 1354 1356 illud
1375 1312 1417 1355 πε
1439 1293 1568 1358 delevit.
1610 1294 1827 1360 Luculentum
1852 1303 1962 1359 autem
1983 1301 2033 1361 est

292 1405 485 1486 exemplum,
507 1406 582 1486 quia
604 1404 657 1479 lt,
680 1422 775 1486 quem
797 1421 985 1468 veneramur
1005 1421 1123 1477 ornnes,
1146 1407 1274 1483 praeter
1293 1403 1374 1467 alios
1393 1405 1519 1471 codices
1539 1404 1635 1469 habet
1653 1401 1925 1485 πασσαλενμένος,
1946 1408 2031 1488 quod

292 1516 350 1580 alii
371 1516 436 1581 alio
456 1517 547 1582 modo
571 1515 745 1597 corrigendi
765 1515 872 1580 studio
895 1520 1111 1577 mutaverunt.
1154 1512 1270 1594 ltaque
1292 1515 1376 1593 apud
1399 1515 1615 1582 Hermannum
1635 1517 1782 1598 legimus,

787 1616 967 1706 ὑπαίθριος
988 1623 1140 1704 δεσμοῖσι
1162 1615 1388 1697 πασσαλειτός
1409 1614 1464 1686 ιόν.

392 1738 545 1820 Sequitur
555 1741 643 1808 locus
653 1741 855 1806 vehementer
864 1739 977 1813 adhuc,
993 1738 1050 1803 sed
1063 1736 1185 1802 frustra
1200 1743 1347 1803 vexatus.
1369 1737 1455 1819 Sept
1466 1757 1486 1800 v
1498 1743 1558 1801 773
1570 1737 1691 1820 legitur
1701 1738 1787 1818 apud
1801 1738 2026 1814 Hermmnnm,

787 1852 943 1932 θαρσεῖτε
965 1846 1080 1921 παῖδες
1100 1846 1252 1933 μητέρων
1271 1848 1505 1932 τεθραμμέναι,

292 1977 388 2041 quam
399 1960 565 2026 lectionem
577 1963 627 2025 vir
636 1962 834 2029 doctissimus
845 1962 904 2027 hac
914 1962 1117 2027 annotatione
1126 1963 1275 2027 adornat:
1297 1954 1498 2043 ιπαῖδεῐιίρσ.
1513 1961 1586 2026 libri
1607 1956 1846 2041 τεθραμμένα.
1875 1959 1944 2029 Ηοσ
1958 1980 2031 2027 cum

290 2069 441 2154 μητέρων
462 2073 667 2139 coniunctum
687 2079 772 2141 esset
792 2093 829 2138 ea
849 2075 980 2149 ratione,
996 2091 1060 2155 qua
1071 2071 1130 2144 σᾶς
1146 2061 1268 2152 ἀλόχου
1281 2072 1420 2156 σφαγεὶς
1431 2081 1464 2139 et
1473 2071 1591 2137 similia
1603 2073 1763 2138 dicuntur.
1785 2071 1847 2137 Sed
1862 2073 1955 2137 valde
1970 2073 2029 2138 hoc

292 2184 433 2266 languet.
454 2183 647 2250 Scholiastes
657 2183 736 2250 haec
749 2185 921 2258 adnuunt„
937 2187 1110 2265 συγγενεῖς,
1133 2174 1154 2268 ἢ
1177 2182 1293 2261 δειλαί,
1314 2156 1380 2250 όπό
1395 2182 1545 2269 μητέρων
1558 2173 1692 2254 ἁπαλῶς
1701 2179 1937 2266 τεθραμμέναι,
1950 2202 2034 2266 quae

291 2296 391 2361 videri
402 2300 532 2377 possunt
543 2296 627 2361 alius
637 2296 814 2376 scripturae
825 2297 961 2376 vestigia
975 2298 1143 2362 continere
1175 2299 1383 2365 Scribendum
1397 2300 1509 2381 putavi
1524 2292 1769 2379 τεθρυμμέναδ.
1801 2296 1883 2362 Sane
1898 2299 2030 2378 languet
2082 2384 2086 2391 Ι

292 2403 516 2489 τεθραμμέναι
532 2407 681 2472 adverbio
695 2424 755 2471 non
766 2408 925 2474 adiuncto.
949 2407 1041 2485 Quid,
1055 2409 1082 2472 si
1098 2409 1180 2472 illud
1192 2410 1345 2475 evanuit?
1367 2409 1407 2477 cf.
1423 2411 1500 2474 Eur.
1513 2410 1563 2474 El.
1579 2428 1599 2471 v
1620 2415 1659 2474 65
1671 2393 1711 2470 εὖ
1722 2404 1945 2489 τεθραμμένη.
1967 2407 2030 2473 Sed

289 2517 440 2605 μητέρων
453 2506 489 2583 εὖ
502 2519 582 2584 nihil
596 2525 660 2583 est:
682 2519 768 2600 quid,
790 2519 818 2584 si
833 2524 928 2600 poeta
938 2520 1065 2599 scripsit
1079 2509 1253 2602 μητρόθεν
1274 2507 1313 2584 εὖ
1328 2517 1577 2603 τεθραμμέιαιθ
1598 2521 1680 2585 Nam
1694 2520 1862 2601 genetivus
1873 2519 1930 2584 ille
1943 2524 2029 2584 certe

290 2653 350 2699 non
361 2640 447 2698 caret
457 2632 635 2707 offensione,
658 2649 753 2712 quiam
766 2630 936 2695 Hermanni
957 2632 1054 2695 verba
1067 2651 1128 2698 non
1142 2633 1272 2698 tollunt.
1294 2635 1379 2699 Puto
1393 2635 1530 2702 scribam
1545 2641 1714 2716 postquam
1724 2620 1762 2698 εὖ
1772 2652 1831 2700 suo
1845 2654 1930 2700 more
1940 2653 2030 2716 sepe·

290 2746 364 2811 livit
379 2744 530 2826 religione
551 2744 688 2823 quadam
710 2746 838 2822 propter
858 2741 1006 2807 vitiatam
1027 2743 1240 2809 elocutionem
1261 2750 1385 2811 tactum
1408 2751 1441 2809 et
1461 2745 1685 2826 perturbatum
1700 2747 1732 2812 id
1747 2747 1859 2828 egisse,
1882 2751 1920 2811 ut
1937 2763 2029 2810 omne

292 2856 434 2921 medendi
456 2870 606 2922 conamen
626 2852 754 2917 irritum
775 2852 920 2916 redderet
942 2854 1105 2918 scribendo
1125 2851 1278 2938 μητέρων
1298 2875 1355 2938 pro
1375 2844 1553 2940 μητρόθεν.
1580 2856 1711 2922 Lusisse
1732 2858 1848 2936 videor,
1871 2858 1927 2922 sed
1948 2857 2026 2939 quid

291 2968 421 3033 illinon
442 2964 636 3046 potuerunt?
678 2963 752 3028 Jam
774 2963 898 3027 intuere
919 2963 1016 3027 verba
1036 2964 1242 3033 Scholiastae.
1287 2968 1397 3032 Potuit
1422 2987 1498 3033 sane
1518 2966 1668 3052 μητέρων
1694 2970 1853 3048 explicare
1880 2987 1937 3049 per
1959 2957 2022 3031 ὑπό

289 3075 448 3162 μητέρων,
480 3078 586 3157 potuit
608 3074 794 3140 adverbium
819 3074 902 3154 quod
925 3073 1054 3139 videbat
1075 3078 1228 3143 omissum
1250 3073 1461 3160 perdurabis
1482 3081 1686 3163 significando
1708 3088 1835 3161 poetam
1856 3098 2017 3157 excusare,

290 3195 345 3258 sed
365 3193 450 3257 illud
469 3189 612 3270 emergit,
641 3187 667 3252 si
697 3186 776 3265 legit
797 3171 964 3267 μητρόθεν
986 3172 1025 3249 εὖ
1047 3189 1283 3271 τεθραμμέναι,
1315 3193 1412 3257 verba
1438 3195 1508 3258 eius
1536 3193 1656 3275 optime
1682 3209 1862 3273 congruere.
1908 3191 2026 3256 Verum

289 3303 369 3371 haec
401 3304 519 3368 incerta
550 3307 635 3376 sunt,
669 3299 701 3363 id
732 3299 838 3363 solum
869 3304 962 3363 extra
993 3319 1115 3366 omnem
1148 3303 1378 3369 dubitationem
1407 3305 1556 3385 positum,
1590 3309 1716 3385 poetam
1743 3320 1846 3384 neque
1874 3300 2026 3385 μητέρων

290 3411 512 3499 τεθραμμέναι
535 3430 637 3494 neque
657 3406 807 3494 μητέρων
829 3406 1052 3492 τεθραμμέναι
1073 3414 1248 3493 scripsisse.
1292 3415 1377 3492 Quid
1399 3413 1460 3477 viri
1482 3413 1567 3478 docti
1585 3420 1711 3493 praeter
1731 3413 1946 3479 Hermannum
1961 3432 2024 3494 quo

289 3529 369 3596 hanc
381 3546 506 3594 crucem
521 3526 693 3590 evellerent
708 3522 810 3587 eonati
825 3522 898 3599 sint,
921 3521 1033 3586 atlerre
1054 3541 1154 3603 quum
1169 3524 1401 3604 supersedeam,
1426 3523 1597 3605 Hartungii
1609 3528 1715 3588 tamen
1726 3524 1865 3606 lepidam
1879 3525 2024 3589 notulam

289 3640 383 3705 ammi
407 3655 503 3705 causa
523 3635 672 3701 subiicio:
693 3627 769 3697 ‘Das
792 3630 1020 3698 L'eberlieferte
1041 3634 1084 3697 ist
1104 3635 1172 3699 eine
1195 3633 1328 3711 durem,
1356 3633 1477 3699 welche
1497 3634 1573 3698 eher
1593 3632 1645 3697 fur
1667 3633 1789 3699 Kalber
1810 3635 1873 3700 und
1896 3633 2023 3711 Ferhel,

287 3752 337 3815 als
359 3748 410 3814 fur
432 3748 587 3815 hladchen
608 3741 715 3827 passt'.
758 3744 863 3824 Ipsius
883 3740 998 3816 παῖδες
1018 3740 1170 3827 μητέρων
1192 3742 1416 3828 τεθραμμένα
1441 3745 1459 3807 i.
1480 3762 1508 3808 e.
1537 3743 1624 3809 filiae
1652 3749 1792 3810 matrum
1818 3745 2026 3826 perturbatae

289 3860 367 3943 quid
387 3859 431 3924 sit
451 3877 510 3923 non
531 3857 632 3929 video,
654 3854 738 3936 quod
761 3853 920 3917 Hermann
940 3857 1025 3918 esset
1045 3854 1291 3934 interpretatus:
1315 3855 1400 3921 filiae
1420 3875 1440 3920 a
1461 3856 1617 3920 matribus
1639 3856 1855 3936 perturbatae.

387 3968 485 4049 Supp.
507 3987 526 4031 v
549 3972 610 4032 290
631 3965 800 4047 legendum
823 3981 893 4028 esse
914 3963 1050 4039 videtur,
1585 3968 1588 3974 '

726 4064 862 4158 ”Αργον,
884 4062 941 4137 τόν
962 4064 1092 4159 Ἑρμῆς,
1113 4076 1192 4147 παῖς
1214 4064 1376 4151 Μαιάδος,
1398 4071 1598 4151 κατέκτανεν,

287 4192 462 4257 secundum
485 4190 667 4261 Homerum,
689 4190 744 4272 qui
768 4189 825 4255 Od.
848 4188 922 4254 XIV
945 4208 964 4252 v
987 4193 1047 4253 435
1060 4180 1283 4273 habet‘Eppfi,
1304 4180 1459 4262 Μαιάδος
1475 4186 1547 4250 olel.
1581 4189 1774 4252 Persuasum
1788 4193 1899 4251 autem
1914 4185 2025 4264 habeo,

290 4301 486 4365 Homericam
508 4299 590 4365 hanc
611 4298 853 4364 similitudinem
874 4307 906 4362 et
929 4300 1139 4365 imitationem
1158 4303 1341 4383 gravissimi
1354 4320 1425 4366 esse
1439 4300 1589 4366 momenti
1604 4300 1644 4364 ad
1655 4297 1792 4378 tragicos
1806 4298 2024 4364 emendandos

290 4410 416 4477 Etenim
438 4428 537 4491 quum
559 4427 670 4490 perse
692 4410 735 4471 sit
763 4416 1014 4486 cousentaneum,
1047 4410 1121 4475 illos
1149 4413 1261 4494 quovis
1291 4413 1321 4476 in
1342 4431 1455 4494 genere
1481 4420 1512 4477 et
1543 4430 1649 4476 rerum
1678 4416 1709 4473 et
1738 4411 1966 4477 vocabulorum
1988 4415 2021 4472 et

286 4520 460 4587 formatum
482 4520 520 4585 ad
542 4521 658 4586 summi
680 4521 769 4585 illius
792 4521 937 4601 magistri
957 4525 990 4584 et
1009 4513 1189 4600 ‘praeconis'
1216 4524 1459 4588 similitudinem
1487 4523 1653 4603 aspirasse,
1686 4522 1819 4593 aceedit,
1850 4522 1935 4601 quod
1964 4520 2024 4600 ipsi

287 4638 413 4697 veteres
435 4651 534 4713 quum
556 4633 744 4713 Sophoclem
767 4620 1014 4715 όμηρικιότατον
1037 4634 1236 4714 appellarent
1263 4652 1301 4698 ea
1331 4641 1436 4698 mente
1463 4633 1603 4710 fuerunt,
1632 4640 1669 4696 ut
1691 4632 1886 4711 Aeschylum
1906 4631 2023 4696 saltem

287 4730 447 4826 όμηρικόν
468 4761 539 4809 esse
558 4743 689 4807 vellent.
721 4743 836 4824 Itaque
857 4762 956 4824 quum
978 4745 1271 4810 commentationem
1294 4743 1426 4808 habeam
1449 4744 1637 4818 inchoatam,
1659 4760 1723 4822 qua
1738 4741 1905 4806 Homerica
1925 4742 2024 4822 tragi-

287 4871 394 4919 corum
415 4855 521 4920 omnia
541 4854 652 4920 sedulo
674 4854 832 4936 colligam,
854 4856 963 4935 grandi
985 4857 1076 4938 copia
1096 4853 1340 4936 obstupefactus
1363 4856 1465 4920 maius
1485 4855 1594 4929 etiam,
1620 4869 1718 4933 quatu
1742 4855 1942 4932 putaveram,
1965 4851 2025 4916 hoe
