4516 5558
1110 447 1236 519 5...

257 651 413 734 quomodo
434 648 592 731 quibusve
612 649 651 713 de
672 647 777 714 causis
799 646 890 712 locus
912 646 1131 726 corruptelam
1153 643 1297 722 traxerit,
1320 643 1485 724 perspicue
1506 644 1747 710 demonstretur.
1774 643 1861 710 snut
1881 648 1992 712 autern

259 761 331 838 loci,
353 760 471 842 quihus
493 759 603 841 primu,
626 761 712 836 sunt,
733 756 851 838 quibus
871 757 975 822 ultera
997 757 1079 821 ratio
1102 756 1250 821 videatur
1271 754 1379 835 aptius
1401 754 1554 820 adhiberi.
1599 755 1743 837 Utraque
1764 756 1864 838 igitur
1885 756 1914 822 si
1934 773 1992 837 pro
2118 782 2123 793 ·

258 876 376 938 natura
396 871 442 936 rei
462 871 638 952 promiscue
660 868 710 933 uti
731 867 899 949 placuerit,
920 885 1109 949 persuasum
1130 867 1249 933 habeas
1269 866 1302 930 id
1323 882 1447 931 summa
1467 882 1538 928 cum
1566 865 1755 930 uerecundia
1781 865 1858 943 heri,
1892 884 1992 946 quum

262 984 294 1048 id
317 983 422 1048 solum
443 999 546 1063 agam,
575 984 613 1044 ut
640 996 726 1044 meus
751 980 989 1060 qualescunque
1015 979 1176 1060 opiniones
1203 978 1342 1042 virorum
1372 977 1535 1040 doctorum
1561 975 1679 1042 iudicio
1706 976 1874 1044 subiicism
1895 982 1993 1060 utque

256 1093 479 1161 commendem.
523 1093 608 1172 Ergo
630 1089 678 1153 its
697 1095 849 1154 nascetur
869 1090 1044 1154 exordium.

354 1202 469 1270 Aesch.
492 1201 596 1267 Prom.
619 1221 639 1265 r
663 1205 741 1269 1011
765 1217 866 1280 quum
887 1199 1031 1277 dixisset,

755 1306 862 1391 λέγων
886 1302 978 1374 ἔοικα
1000 1301 1106 1375 πολλοὶ
1128 1298 1230 1374 πάλαι
1252 1297 1359 1393 μάτην
1381 1300 1474 1391 ἐρεῖν,

257 1424 361 1491 scriba
382 1428 590 1506 anapaestum
610 1441 744 1505 perosus
766 1409 869 1486 πόλει
891 1426 995 1490 altera
1016 1423 1142 1504 syllaba
1162 1426 1310 1503 surrepta
1330 1422 1362 1487 in
1382 1417 1440 1485 καί
1461 1423 1609 1487 mutavit.
1645 1422 1722 1487 lnde
1743 1422 1835 1488 hodie
1856 1421 1993 1504 legimus

257 1536 344 1615 apud
365 1534 581 1600 Hermannum
602 1535 722 1617 absque
742 1553 848 1613 sensu,

755 1642 860 1727 λέγων
883 1637 975 1708 ε”οικο
996 1634 1100 1709 πολλὰ
1123 1641 1174 1707 καὶ
1197 1631 1304 1727 μάτην
1326 1637 1421 1725 ἐρεῖν,

260 1772 455 1836 quamquam
475 1757 634 1835 audimus,
657 1758 720 1823 ium
741 1759 774 1824 in
795 1757 958 1823 veteribus
979 1756 1087 1834 fuisse,
1109 1774 1189 1839 quos
1209 1757 1292 1822 illud
1313 1752 1366 1818 aul
1387 1754 1565 1821 offenderet.

357 1865 445 1933 Idem
467 1868 569 1933 scribo
591 1869 659 1934 sive
680 1868 785 1935 nescio
806 1869 880 1952 quis
901 1867 987 1935 alius
1007 1886 1108 1950 quum
1129 1867 1262 1933 haberet
1281 1867 1361 1935 haec
1381 1866 1532 1947 Aeschyli
1551 1867 1690 1932 nerbas
1716 1869 1804 1942 1034,

1021 1967 1065 2052 ὡς
1086 1968 1135 2043 ὅδ’
1157 1966 1197 2042 οὐ
1220 1975 1453 2059 πεπλασμένος,

755 2080 775 2154 ὁ
795 2075 931 2171 κόμπος,
951 2080 1035 2154 ἀλλὰ
1057 2090 1164 2164 καλῶς
1185 2087 1258 2156 λίαν
1278 2086 1457 2177 εἰρημένος,

262 2202 388 2283 perinde
412 2197 518 2272 καλιᾶς
538 2208 668 2285 propter
686 2208 897 2284 anapaestum
918 2203 1010 2270 foede
1029 2205 1170 2286 eomupit
1190 2224 1254 2271 una
1274 2205 1399 2287 syllaba
1419 2211 1567 2286 surrepta
1586 2205 1725 2273 scribens
1740 2199 1792 2265 nul
1807 2197 1890 2276 λέον,
1910 2201 1994 2280 duod

260 2331 360 2395 quum
380 2314 465 2379 omni
487 2331 581 2380 sensu
603 2317 711 2381 careat
731 2312 824 2380 hodie
845 2319 953 2381 tamen
974 2317 1059 2397 apud
1078 2316 1293 2382 Hermannum
1308 2316 1454 2399 legimus.
1478 2316 1645 2383 Sciendum
1659 2320 1768 2382 autern
1782 2320 1841 2392 est,
1857 2312 1994 2379 Grueeos

257 2423 376 2492 dixisse
397 2411 494 2507 λόγος
515 2422 620 2496 καλῶς
641 2417 821 2508 εἰρημένος,
844 2427 929 2508 quod
951 2424 1018 2506 ipse
1040 2424 1227 2492 scholiastes
1248 2427 1289 2492 ad
1310 2425 1413 2492 Prom.
1435 2445 1455 2490 v
1478 2431 1538 2493 951
1560 2425 1591 2491 in
1611 2444 1707 2491 usum
1728 2443 1824 2491 suum
1838 2421 1996 2490 conuertit

258 2553 361 2619 quum
382 2537 514 2602 diceret:
536 2531 606 2600 ἐστὶ
628 2534 682 2600 καὶ
703 2534 809 2610 καλῶς
828 2530 999 2620 εἰρημένος
1020 2534 1073 2600 καὶ
1096 2524 1285 2621 φρονήσεως
1310 2534 1426 2618 γέμων.

361 2651 474 2732 Agam.
496 2669 516 2715 r
536 2655 598 2716 835
620 2651 719 2731 vulgo
740 2650 870 2731 legitur,

757 2748 868 2842 φάτις,
893 2756 1055 2841 τέτρωται
1077 2749 1210 2824 δικτύου
1232 2756 1320 2824 πλέον
1342 2757 1446 2843 λέγειν

264 2871 350 2951 quod
371 2870 540 2937 manifesto
560 2877 745 2954 comuptum
765 2875 876 2938 estex
898 2871 949 2937 his
970 2872 1075 2938 verbis
1097 2873 1243 2955 genuinis
1264 2891 1329 2939 una
1348 2873 1473 2956 syllaba
1486 2878 1633 2954 surrepta
1647 2878 1680 2938 et
1691 2892 1755 2939 una
1766 2875 1878 2939 littera
1887 2871 1998 2939 addita
2029 2948 2032 2952 .

756 2968 868 3064 φάτις,
891 2980 1051 3068 τέτρωται
1074 2972 1210 3048 δικτύου
1231 2981 1328 3048 πλέον
1350 2975 1395 3057 ὡς
1415 2981 1529 3066 λέγειν,

358 3093 470 3174 Suppl.
493 3111 514 3157 v
535 3097 595 3158 872
618 3098 714 3175 poeta
734 3095 899 3176 scripsisse
920 3095 1057 3175 videtur,

757 3200 827 3269 docel
850 3195 910 3270 οὐκ
932 3193 1069 3271 ἀκούετε
1090 3207 1228 3287 §omanis
1249 3203 1336 3287 ἐμῶν
1358 3192 1476 3289 λόγον.

359 3311 422 3378 Sed
442 3313 609 3380 lectionem
628 3317 826 3396 praeclaram
847 3319 938 3399 pedis
959 3319 1165 3386 submovendi
1184 3321 1289 3402 gratia
1309 3324 1519 3402 corruperunt
1537 3320 1593 3398 ita,
1698 3384 1707 3403 ,

757 3421 827 3491 ἐπεὶ
849 3419 907 3492 οὐκ
925 3417 1054 3493 ἀκούετ’
1076 3420 1137 3510 ὀξι)
1160 3431 1225 3496 τῶν
1247 3428 1335 3514 ε’μιῦν
1355 3419 1470 3513 λόγων,

259 3533 342 3610 quod
364 3533 443 3599 nihil
465 3539 524 3600 est.
557 3535 707 3603 Ceterum
728 3539 804 3605 libri
826 3540 943 3607 habent
963 3560 1047 3620 sane,

759 3644 830 3714 ἐπεὶ
853 3643 892 3715 οὐ
912 3653 1014 3717 κακοῦ
1035 3648 1091 3732 ἔξο
1114 3655 1188 3731 τῶν,

261 3755 354 3824 cuius
376 3752 393 3820 ἐ
414 3758 446 3822 in
467 3750 522 3836 ἕξιν
549 3761 679 3843 propius
708 3765 749 3829 ad
780 3765 947 3830 veritatem
976 3784 1076 3848 quum
1105 3769 1267 3833 accederet
1289 3766 1462 3848 proclivior
1494 3770 1600 3833 tamen
1627 3770 1700 3832 erat
1730 3755 1943 3828 commutatio
1971 3752 2005 3812 '1¹

260 3859 332 3948 ὀξι),
353 3869 430 3952 quia
451 3858 513 3950 ὀξύ
535 3859 665 3937 &oleo
687 3875 772 3957 aqud
795 3875 969 3942 Homerum
991 3883 1024 3943 et
1044 3879 1126 3946 alios
1147 3880 1280 3963 legitur:
1304 3881 1360 3946 sed
1381 3879 1456 3946 huic
1478 3879 1545 3944 loeo
1566 3897 1627 3943 non
1647 3873 1810 3942 convenit.

362 3983 459 4065 Supp.
483 4002 512 4049 v.
535 3990 596 4051 886
617 4004 674 4051 rex
696 4004 713 4050 e
733 4004 886 4067 praecone
906 3989 1041 4070 quaerit,

758 4094 888 4162 uolam
909 4094 1068 4166 συνειπὼν
1090 4099 1260 4187 προξένοις
1281 4098 1472 4186 ἐγχωρίοις,

259 4204 313 4269 cui
332 4207 500 4285 respondet
521 4226 643 4289 praeco,

755 4315 863 4407 ‘Esau
883 4320 1028 4406 scelos
1050 4322 1196 4408 acoleo
1217 4322 1398 4408 aremulu-

359 4427 442 4495 Tum
463 4449 530 4511 rex,

755 4551 867 4612 θεοῖσι
889 4541 1049 4614 συνειπὼν
1070 4542 1148 4621 τούς
1169 4539 1269 4621 θεοὺς
1292 4536 1385 4612 οὐδὲν
1407 4543 1505 4628 σέβει.
1908 4538 2130 4663 lqushffl}

359 4656 412 4722 Sic
421 4658 505 4725 enim
517 4658 655 4724 urbitror
668 4666 795 4740 poetam
806 4662 977 4743 scripsisse.
1000 4664 1081 4728 Nam
1092 4663 1253 4726 συνειπεῖν
1265 4661 1435 4744 significet
1450 4664 1524 4724 ante
1534 4676 1601 4723 rem
1610 4650 1832 4739 gerendam
1846 4623 2153 4773 Wefnmsssffi

261 4765 370 4850 aliquo
385 4769 590 4846 constituere,
605 4769 730 4850 pacisci.
752 4769 867 4853 Itaque
881 4773 962 4839 hanc
982 4775 1149 4840 dictionem
1163 4780 1222 4840 aut
1235 4775 1414 4856 ignorantes
1428 4775 1486 4836 aut
1499 4769 1713 4851 negligentes
1730 4750 1899 4836 scrip?
1958 4771 2060 4855 μὶν
2071 4724 2176 4807 ’ΨΜ

260 4897 357 4944 causa
370 4879 516 4947 ποίοισιν
530 4870 642 4956 εἰπών,
657 4884 786 4946 θεοῖσιν
796 4873 907 4958 εἰπών,
929 4887 1013 4967 quod
1034 4885 1209 4952 absurdum
1231 4888 1290 4949 est.
1323 4883 1487 4948 Potuisset
1501 4896 1576 4945 sane
1589 4875 1792 4945 conficere
1815 4856 1881 4927 ⁸15
