4516 5558
1012 438 1234 510 -4..

455 641 566 708 Aeseh.
589 641 692 706 Prom.
715 661 734 703 v
756 645 815 704 265
838 624 1043 720 πράσσοντας
1066 628 1130 719 ἐγώ
1154 633 1189 698 δὲ
1214 623 1310 699 ταῦθ’
1333 625 1447 701 ἅπαντ’
1471 625 1666 722 ἠπιστάμην.

715 772 734 814 v
758 756 818 817 354
844 749 985 831 Τυφῶνα
1007 747 1140 831 θοῦρον,
1161 749 1267 832 πᾶσιν,
1290 740 1326 822 ὃς
1346 742 1482 835 ἀντέστη
1506 755 1609 825 θεοῖς.

491 866 585 947 Seph.
608 865 693 930 Phil.
716 885 736 927 v
757 869 814 929 491
845 859 1021 945 Τραχινίαν
1043 881 1079 924 τε
1102 858 1238 943 δείροδα
1260 861 1312 925 καὶ
1336 853 1393 926 τὸν
1412 853 1529 948 εἶν’ροον

620 979 693 1042 Ant.
716 998 735 1040 v
758 981 818 1042 263
841 963 970 1047 κούδεὶς
991 962 1138 1058 ἐναργής,
1160 964 1227 1036 ἀλλ’
1251 968 1367 1059 ἔφευγε
1388 968 1427 1039 τό
1448 968 1492 1060 μὴ
1516 971 1646 1041 εἰδέναι.

542 1090 617 1154 Eur.
641 1090 692 1154 El.
715 1108 735 1153 v
778 1093 818 1153 ‘23
838 1076 1085 1170 Ἀγαμέμνονος
1107 1073 1306 1170 ποινάτορας
1326 1077 1411 1167 εἶχεν
1433 1084 1467 1150 ἐν
1489 1077 1617 1169 δόμοις.

579 1198 691 1265 Troad.
714 1220 734 1265 v
756 1205 816 1265 352
838 1197 1127 1285 σεοωφρονίκαοιν,
1148 1189 1217 1264 ‹iit‘
1239 1191 1283 1264 ἔτ’
1306 1196 1340 1264 ἐν
1362 1190 1471 1284 ταύτῷ
1490 1201 1607 1283 μένεις.

355 1338 454 1403 Plura
483 1340 589 1420 potuit
617 1339 738 1417 afferre,
773 1342 827 1406 sed
857 1341 1032 1408 modestius
1058 1341 1124 1423 egit
1153 1359 1209 1422 pro
1238 1341 1378 1406 virorum
1412 1344 1577 1409 doctorum
1610 1344 1726 1409 eximia
1748 1347 1940 1412 auctoritate
1960 1351 2000 1412 et.

256 1455 399 1535 angusta
420 1450 551 1532 regulae
573 1450 749 1518 maiestate.
782 1451 864 1516 Nam
886 1452 971 1533 apud
992 1449 1163 1516 Canterum
1188 1451 1348 1533 Aeschyli,
1371 1471 1466 1534 quem
1489 1472 1570 1518 nunc
1590 1454 1717 1536 quidem
1736 1475 1833 1522 unum
1847 1458 1994 1538 respicio,

256 1566 383 1643 praeter
404 1562 484 1627 duos
506 1581 585 1643 quos
607 1563 838 1645 suprascripsi
860 1563 955 1629 hosce
977 1563 1113 1645 legimus
1135 1569 1331 1645 anapaestos,

457 1702 559 1768 Proin.
604 1722 624 1765 v
646 1708 705 1768 215
728 1697 830 1786 χρείη,
852 1690 939 1783 δόλῳ
961 1697 1000 1763 δὲ
1023 1694 1078 1763 coi
1083 1722 1100 1774 ς
1123 1693 1340 1785 δαερὲξοντας
1361 1703 1499 1782 κροτεῖν.

607 1835 626 1879 v
649 1820 710 1882 248
732 1814 784 1878 καὶ
807 1805 872 1898 μὴν
895 1811 1008 1897 φίλοις
1030 1805 1170 1888 ἐλεεινός
1190 1811 1318 1897 εἰςορᾷν
1341 1801 1416 1896 ἐγώ,

607 1949 626 1991 v
648 1933 709 1995 473
731 1924 900 2000 πέπονθας
922 1916 1026 2000 ἆτικὲς
1048 1917 1126 2011 πῆμ’
1149 1916 1352 2009 ἀποσφαλεὶς
1373 1923 1507 2008 φρενῶν,

604 2060 624 2105 v
646 2047 704 2107 681
727 2027 974 2124 daoocdomssoe
995 2030 1123 2105 δἀδτόν
1144 2036 1313 2123 αἰφνίδιος
1334 2025 1441 2123 μόρος

609 2173 628 2217 v
650 2158 710 2221 949
732 2143 792 2215 τόν
814 2142 1026 2237 ἐξαμαρτόντ’
1048 2148 1097 2226 εἰς
1119 2142 1227 2228 θεούς,
1250 2143 1306 2216 τόν
1329 2146 1509 2236 ἐφημέροις

458 2265 571 2347 Agant.
607 2284 626 2328 v
651 2270 709 2331 148
730 2252 805 2337 ἅλις
827 2258 915 2347 παρὰ
938 2253 1149 2349 Σκάμανδρον·
1172 2252 1273 2349 ἦλθες
1293 2251 1460 2348 ἀνάρσιος.

608 2398 627 2440 v
654 2383 733 2444 1226
753 2367 796 2442 'ir'
819 2375 854 2452 ἐς
879 2366 1011 2461 φ9όρον
1032 2367 1158 2442 πεσόντ’
1181 2369 1301 2460 ἀγαθὼ
1323 2367 1552 2458 δάμεὶφομαι.

459 2487 553 2551 Eunt.
609 2508 628 2554 v
670 2495 732 2556 438
752 2481 835 2574 πρὸς
856 2489 939 2575 χειρὶ
962 2490 1003 2575 τῇ
1034 2491 1081 2575 μί,
1103 2482 1142 2555 τὸ
1162 2483 1223 2555 oda
1246 2486 1426 2574 ἐφεζομένη
1449 2486 1579 2574 βρέτας.

361 2630 447 2709 Quos
469 2644 581 2700 tersus
602 2637 665 2702 rite
686 2639 820 2706 uanius
841 2652 931 2704 nemo
954 2639 1136 2704 mortalium
1158 2644 1275 2703 vexare
1295 2642 1463 2713 tentasset,
1486 2637 1547 2702 nisi
1569 2634 1651 2701 falsa
1663 2635 1705 2700 de
1718 2638 1890 2713 anapaesto
1904 2650 1995 2713 prce·

263 2747 440 2823 occupatus
462 2744 615 2825 opilione
656 2747 720 2814 Sed
746 2736 806 2813 iro'c
835 2749 916 2814 infr'a
943 2749 1130 2828 videbimus,
1160 2765 1243 2816 nune
1263 2749 1370 2831 ipsam
1391 2746 1588 2830 quaestionis
1611 2750 1717 2827 caput,
1739 2763 1836 2827 prope
1858 2743 1994 2810 dixerim

259 2863 367 2916 aarum
387 2854 545 2920 cardinem
565 2860 790 2939 aggrediamur
810 2861 1059 2937 demonstrando,
1081 2862 1207 2924 veteres
1228 2861 1292 2924 isin
1306 2859 1427 2925 sarisas
1441 2862 1475 2923 et
1487 2857 1712 2940 gnomonum
1722 2855 1877 2936 opinionis
1890 2872 1997 2919 errore

259 2967 357 3045 atque
378 2962 526 3046 cupidine
547 2967 825 3050 duetosplurimos
838 2972 1036 3051 anapamms,
1058 2970 1256 3052 quiquidem
1269 2987 1330 3034 non
1345 2968 1495 3033 acerrime
1505 2986 1614 3033 eorum
1624 2967 1787 3032 conatibus
1798 2967 1993 3043 resisterent

261 3078 388 3155 quoquo
410 3076 501 3140 modo
523 3080 751 3160 corrumpendo
771 3081 965 3162 sepelivisse.
1009 3081 1136 3145 Etenim
1164 3085 1334 3162 postquam
1361 3079 1530 3145 nonnullos
1558 3091 1670 3144 vmsus
1697 3083 1808 3159 epate
1828 3083 1996 3159 mnuptos

261 3183 295 3248 in
317 3183 396 3266 ipsis
416 3192 562 3253 veterum
580 3189 677 3256 libris
698 3191 897 3272 deniehcndi
919 3192 1000 3273 dues
1022 3196 1085 3256 dna
1105 3190 1230 3272 syllaba
1249 3190 1370 3267 addita,
1401 3190 1449 3254 its
1469 3194 1507 3253 ut
1524 3195 1720 3271 manasseas
1740 3207 1781 3253 ex
1802 3189 1907 3254 iambo
1928 3190 1997 3257 sive

263 3295 401 3375 aponum
428 3298 587 3375 evaderet,
619 3299 761 3381 integros
787 3308 822 3364 et
843 3302 883 3365 ab
899 3301 988 3366 omni
1017 3308 1109 3382 parte
1133 3301 1298 3366 absolutos
1326 3301 1490 3381 eumenio
1516 3299 1593 3365 lieri
1620 3316 1809 3384 pemnasum
1838 3301 1997 3377 haberem,

261 3400 413 3470 ‘medor’
434 3400 549 3472 merito
569 3402 694 3476 'factus'
714 3411 818 3475 omnia
839 3412 977 3494 vestigia
998 3412 1176 3494 indagando
1197 3415 1417 3492 perscrutatas
1438 3426 1519 3488 sum,
1543 3413 1640 3479 donec
1657 3411 1814 3489 intellexi,
1836 3412 1997 3478 sexcentis

262 3516 294 3582 in
315 3517 395 3584 locs
414 3516 609 3600 tragicorum
625 3526 748 3587 veteres
768 3522 851 3600 illos,
874 3540 954 3605 qnos
975 3524 1056 3589 nihil
1073 3523 1286 3604 nonpotuisse
1298 3526 1429 3598 constat,
1452 3528 1491 3586 ex
1506 3522 1997 3590 industriaecsedulomisemm

261 3629 373 3709 perlem
394 3622 593 3695 exturbasse
612 3631 774 3697 Nimirum
796 3634 824 3698 si
845 3635 921 3699 viris
942 3634 1141 3712 doctissimis,
1164 3633 1234 3697 iure
1249 3632 1442 3709 clarissimis,
1466 3633 1498 3698 in
1512 3635 1583 3698 luee
1593 3632 1804 3700 recentiorum
1816 3639 1997 3716 amporam

262 3740 464 3807 veremudus
479 3750 572 3807 error
590 3736 655 3808 iste
676 3744 787 3824 paneis
807 3745 839 3810 in
860 3746 940 3812 locis
967 3744 1072 3811 doridi
1098 3745 1172 3821 luit,
1204 3749 1444 3809 consentancum
1472 3748 1531 3820 est,
1561 3760 1660 3826 quum
1688 3761 1751 3826 quo
1780 3745 1854 3828 quis
1873 3745 1998 3826 ingenio

263 3849 364 3932 magis
386 3856 436 3916 est
457 3853 606 3920 mediocri
626 3858 664 3919 eo
684 3853 790 3921 acrius
808 3856 906 3921 nimio
925 3856 984 3921 illo
1004 3857 1192 3937 regularum
1212 3853 1320 3920 omre
1340 3860 1485 3932 vexetur,
1508 3853 1604 3920 bonos
1619 3855 1700 3921 istos
1714 3855 1856 3921 homines
1870 3854 1999 3935 saepius

261 3974 419 4040 peccasse.
462 3961 582 4028 Verum
604 3963 684 4029 bona
703 3965 832 4031 fortuna
852 3965 973 4031 factum
994 3972 1053 4044 est,
1084 3967 1168 4049 qnod
1196 3982 1297 4046 quum
1319 3964 1461 4030 astutiae
1481 3966 1619 4047 euwain
1639 3966 1745 4048 specie
1773 3976 1998 4047 nonunquam

259 4086 343 4152 opus
360 4071 562 4137 aomtvecnt
584 4075 643 4140 loci
661 4077 772 4143 tamen
800 4083 923 4155 extant,
956 4077 1132 4160 inquiens
1158 4077 1333 4144 tractaddis
1359 4083 1448 4141 tanto
1477 4081 1610 4158 stupore
1635 4076 1686 4140 usi
1714 4080 1799 4152 sunt,
1832 4080 1870 4140 ut
1895 4077 2002 4143 omnis

264 4180 458 4247 mmlmatto
488 4182 600 4249 lectori
629 4189 727 4254 semel
756 4192 880 4254 attento
907 4189 1085 4256 clarissima
1114 4189 1146 4253 in
1174 4189 1244 4253 luce
1275 4194 1422 4270 ponatur.
1465 4187 1526 4251 Sed
1554 4192 1723 4267 antequam
1744 4203 1812 4250 rem
1832 4187 2001 4269 aggrediar

263 4290 414 4357 semem
436 4292 700 4361 numamssimum
722 4299 877 4364 monitum
899 4300 1005 4378 velim,
1028 4300 1067 4364 ine
1088 4301 1210 4366 ratiom
1231 4312 1310 4373 natea,
1336 4312 1401 4377 aaa
1429 4297 1588 4361 isuardum
1612 4310 1669 4376 pro
1701 4298 1838 4379 genuina
1865 4298 2001 4364 lectione

255 4401 476 4469 dedicatorem
498 4416 602 4470 meam
622 4412 947 4493 praeconcepisse,
970 4409 1158 4476 offendatur.
1200 4409 1328 4475 Scilicet
1355 4407 1411 4490 qui
1434 4407 1684 4473 emendationem
1705 4409 1837 4490 probae
1856 4412 2001 4483 conatur,

264 4516 365 4595 quain
387 4514 525 4595 punam
546 4515 713 4583 lectionem
742 4520 847 4601 qualis
873 4521 1014 4587 traditur
1041 4539 1155 4602 ponere
1181 4520 1284 4585 soleat
1312 4536 1446 4601 eamque
1475 4524 1513 4582 ut
1542 4525 1721 4601 corruptam
1743 4520 1895 4595 evincere,
1927 4522 1998 4581 tum

266 4622 393 4688 demum
415 4626 611 4706 argumentis
632 4628 751 4694 additis
773 4629 986 4698 coniecturam
1009 4650 1100 4697 suam
1115 4631 1346 4696 commendare:
1370 4634 1497 4709 praeter
1510 4630 1591 4695 lianc
1605 4631 1690 4695 riam
1704 4631 1770 4695 alia
1779 4632 1870 4693 extet
1880 4628 2000 4709 passim

267 4738 367 4815 teque
389 4732 564 4813 fructuosa,
587 4755 682 4818 qnam
706 4739 1004 4808 mathematicorum
1026 4761 1122 4808 usum
1144 4749 1177 4807 et
1199 4758 1317 4806 merem
1340 4745 1467 4805 secutus
1487 4742 1692 4824 anagogicam
1710 4738 1812 4820 pomis
1825 4739 2001 4819 appellere,

267 4846 305 4905 ut
337 4846 552 4911 emendatione
583 4848 693 4913 statim
726 4850 888 4931 proposita
919 4860 1020 4935 atque
1047 4854 1164 4936 quibus
1189 4871 1273 4934 epus
1303 4868 1372 4918 esse
1403 4850 1532 4916 ridetur
1555 4849 1755 4932 argumentis
1782 4851 2003 4916 commendata
