4516 5558
1252 1550 1320 1608 Tett’
1341 1551 1393 1608 ἐστ’
1411 1551 1514 1624 ἀληθῆ,
1535 1553 1633 1623 Κύρνε,
1651 1556 1696 1609 ascl
1714 1556 1805 1625 ποιήθ
1831 1549 1896 1624 ἅμα.

362 2049 540 2164 Hermann
562 2099 641 2165 lraec
661 2097 771 2164 habet:
793 2093 839 2163 ‘ln
853 2116 917 2180 qua
937 2117 971 2163 re
993 2098 1050 2180 (sc.
1073 2098 1105 2163 in
1125 2098 1247 2180 regulis
1269 2100 1449 2181 condendis)
1462 2118 1524 2167 non
1538 2102 1654 2166 mirum
1668 2106 1727 2179 est,
1751 2104 1879 2168 modum
1894 2104 1996 2168 solere

261 2211 381 2277 excedi.
413 2210 495 2274 Nam
516 2226 660 2275 successu
681 2209 849 2274 alacriores
869 2207 946 2276 iacti
961 2210 1048 2275 nihil
1070 2227 1139 2276 esse
1159 2215 1320 2291 putamus,
1342 2211 1424 2291 quod
1447 2228 1508 2276 non
1529 2211 1631 2293 possit
1651 2214 1692 2278 ad
1713 2214 1858 2295 regulam
1874 2212 1993 2281 confor-

263 2321 351 2399 mari,
374 2339 476 2402 usque
497 2322 572 2385 dum
593 2320 814 2401 exceptionum
837 2321 889 2385 vel
908 2320 1118 2386 multitudine
1131 2321 1184 2385 vel
1199 2320 1352 2386 firmitate
1367 2320 1487 2400 moniti,
1509 2319 1651 2387 fontibus
1666 2325 1852 2406 regularum
1868 2325 1996 2391 investi·

262 2431 371 2513 gandis
393 2449 430 2497 eo
452 2430 663 2513 pervenimus,
693 2434 730 2495 ut
752 2447 917 2512 quousque
938 2431 986 2496 vis
1016 2449 1125 2496 earum
1154 2436 1187 2496 et
1213 2449 1291 2497 usus
1320 2432 1484 2514 pertineat,
1513 2429 1749 2515 intelligamus’.
1794 2434 1900 2502 Multa
1921 2453 1996 2501 vere

262 2541 344 2609 dixit
364 2545 414 2609 vir
436 2542 681 2620 illustrissimus,
703 2541 785 2608 nihil
808 2542 913 2608 verius
935 2543 974 2607 de
995 2543 1139 2609 omnibus
1155 2542 1295 2608 omnium
1316 2547 1463 2609 aetatum
1483 2545 1701 2626 grammaticis
1723 2547 1905 2629 suspicatus
1928 2549 1993 2627 ille,

261 2655 346 2736 quod
364 2653 492 2736 quidem
513 2672 552 2717 ex
574 2652 678 2718 verbis
700 2652 809 2734 colligi
830 2671 921 2735 posse
943 2652 1099 2730 videatur,
1121 2670 1213 2719 nese
1235 2653 1341 2735 ipsum
1363 2653 1490 2734 quidem
1511 2672 1570 2719 suo
1592 2655 1709 2723 iudicio
1730 2674 1792 2722 non
1812 2675 1881 2724 esse
1899 2657 1993 2723 obno-

262 2765 362 2831 xium.
406 2766 496 2843 Quod
516 2784 615 2845 quum
636 2763 784 2845 pluribus
804 2762 959 2844 exemplis
980 2768 1098 2845 possim
1120 2763 1270 2840 evincere,
1293 2782 1392 2830 unum
1413 2764 1563 2833 hocloco
1585 2765 1768 2833 illustrabo.

361 2878 477 2944 Porsen
498 2877 578 2942 hanc
598 2876 744 2958 regulam
764 2875 832 2940 sive
853 2875 956 2956 legem
977 2874 1066 2939 tulit:
1094 2868 1243 2940 ‘Tantum
1270 2874 1354 2940 enim
1382 2873 1483 2953 abest,
1510 2878 1547 2940 nt
1566 2880 1756 2957 anapaestus
1779 2896 1835 2959 pro
1855 2880 1993 2947 secundo

259 2995 318 3053 aut
339 2993 452 3070 quarto
474 2989 553 3069 pede
573 2990 718 3068 ponatur,
742 2989 779 3050 nt
800 3003 838 3050 ne
861 3004 916 3066 pro
938 2985 1033 3050 tertio
1055 2985 1183 3066 quidem
1200 2988 1258 3050 aut
1272 2985 1384 3067 quinto
1398 2985 1555 3052 substitui
1569 2980 1689 3068 pussit'.
1711 2987 1842 3056 Scilicet
1855 2989 1994 3070 primum

258 3104 294 3166 et
315 3103 443 3165 sextum
464 3100 575 3180 pedem
596 3115 658 3163 non
679 3103 842 3173 memorat,
872 3097 957 3178 quod
982 3115 1082 3177 quum
1104 3096 1136 3160 in
1158 3094 1215 3160 illo
1237 3095 1333 3162 liceat
1354 3096 1386 3160 in
1407 3100 1535 3161 sextum
1557 3114 1596 3161 ne
1616 3097 1754 3179 suspicio
1776 3099 1903 3180 quidem
1926 3105 1993 3166 tam

260 3209 351 3276 foeda
372 3211 485 3276 cadere
505 3208 615 3290 possit.
659 3208 762 3285 Quam
785 3207 887 3289 legem
909 3210 1079 3287 postquam
1106 3205 1163 3271 ille
1191 3206 1408 3287 promulgavit
1438 3207 1598 3272 Hermann
1629 3226 1693 3289 qna
1714 3215 1784 3273 erat
1804 3209 1855 3274 sui
1876 3207 1994 3277 fiducia

253 3340 326 3388 ‚rem
348 3321 398 3385 his
420 3320 525 3386 verbis
545 3322 753 3400 praeconatus
782 3323 847 3384 est:
878 3321 1096 3399 ‘anapaestum
1124 3316 1252 3397 quidem
1279 3337 1299 3382 a
1320 3317 1422 3384 medio
1452 3319 1596 3384 trimetro
1622 3321 1715 3400 plane
1738 3322 1906 3389 exclusum
1926 3340 1994 3389 esse

260 3433 352 3498 hodie
374 3433 489 3498 nemini
510 3431 566 3513 qui
588 3432 640 3495 vel
660 3429 801 3511 aliquam
823 3429 939 3494 habeat
959 3427 1153 3510 tragicorum
1173 3426 1320 3492 notitiam
1341 3432 1578 3495 controversum
1599 3424 1667 3495 est'.
1699 3430 1857 3498 Videlicet
1878 3434 1994 3499 addere

260 3546 380 3626 potuit:
400 3537 632 3625 ‘exceptionum
655 3543 707 3607 vel
729 3539 938 3606 multitudine
959 3539 1011 3603 vel
1033 3538 1184 3603 firmitate
1205 3556 1265 3605 non
1286 3539 1397 3604 unomti
1424 3538 1565 3607 fontibus
1589 3544 1776 3624 regularum
1796 3543 1992 3625 negligendis

262 3672 298 3719 eo
319 3655 528 3736 pervenimus,
551 3658 589 3718 ut
610 3669 777 3735 quousque
797 3650 847 3716 vis
867 3667 977 3716 earum
998 3654 1032 3714 et
1049 3667 1129 3714 usus
1143 3647 1317 3729 pertineret
1330 3666 1390 3714 non
1404 3645 1674 3732 intelligeremus’.
1705 3644 1895 3720 ‘Alacriores
1909 3651 1993 3719 enim

259 3757 344 3831 iacti'
358 3766 417 3829 viri
438 3765 613 3832 doctissimi
635 3762 837 3844 exceptiones
858 3762 937 3828 satis
959 3762 1079 3826 multas
1094 3760 1169 3825 illas
1184 3765 1218 3825 et
1231 3757 1339 3825 firmas
1354 3763 1539 3828 emendandi
1553 3763 1699 3843 cupidine
1713 3762 1992 3846 proturbaverunt.

258 3880 367 3959 Atque
388 3876 439 3942 hic
459 3881 563 3943 status
584 3893 692 3940 rerum
713 3874 807 3939 hodie
828 3872 958 3947 obtinet,
981 3889 1076 3953 quern
1097 3870 1208 3953 paullo
1229 3870 1409 3937 accuratius
1429 3872 1509 3938 libet
1529 3878 1690 3940 excutere.

361 3988 568 4065 Bellermann,
588 3986 649 4051 ‘vir
670 3984 813 4067 inprimis
833 3984 970 4064 prudens
991 3987 1024 4047 et
1045 3977 1175 4058 doctus’,
1199 4000 1294 4063 quem
1315 3983 1440 4048 honoris
1455 4001 1552 4050 causa
1565 3983 1698 4060 nomino,
1720 3988 1794 4050 ante
1810 3984 1868 4050 hos
1884 3986 1993 4051 decem

258 4118 354 4164 annos
375 4099 407 4164 in
428 4098 518 4175 libro,
541 4115 603 4180 quo
625 4090 781 4178 Oedipum
810 4113 916 4177 regem
945 4093 1110 4160 exornavit
1136 4093 1382 4173 prudentissime
1408 4110 1447 4159 ac
1476 4091 1666 4170 doctissime,
1694 4093 1875 4176 cupidinem
1896 4094 1991 4161 istam

258 4209 382 4287 merito,
403 4211 458 4276 sed
478 4228 541 4292 qna
562 4213 611 4276 est
632 4205 820 4275 verecundia
844 4205 958 4270 leniter
977 4204 1027 4269 his
1051 4204 1153 4268 verbis
1169 4203 1353 4285 castigavit:
1375 4198 1444 4268 ‘lhn
1458 4200 1703 4285 (denanapoqr)
1717 4204 1794 4269 aber
1807 4203 1989 4283 anStellen,

259 4317 317 4381 wie
338 4317 388 4382 die
409 4317 489 4383 oben
506 4315 725 4398 angeidhrteu,
747 4335 787 4380 zu
809 4314 991 4395 beseitigen
1015 4313 1067 4390 ist,
1089 4312 1277 4394 venigstens
1292 4312 1341 4377 bei
1354 4310 1477 4391 einigen
1491 4310 1665 4383 derselben,
1687 4311 1776 4380 nicht
1789 4312 1871 4378 ohne
1884 4330 1992 4394 grosse

257 4429 424 4495 Willkuhr
444 4430 506 4495 und
528 4426 911 4495 Unvahrscheinlichkeit
933 4417 1087 4506 rndglich’.
1118 4424 1209 4501 Quod
1229 4423 1305 4505 quid
1327 4421 1372 4486 rei
1393 4426 1477 4487 esset
1498 4440 1598 4503 quum
1620 4423 1687 4503 ipse
1709 4424 1812 4487 multo
1833 4429 1907 4487 ante
1922 4441 1991 4504 per·

255 4540 441 4621 aperissem,
468 4540 501 4605 in
528 4539 683 4620 Sophocle
710 4556 779 4602 meo
808 4537 922 4602 misere
950 4535 1153 4600 semimortuo
1182 4532 1262 4599 satis
1291 4531 1429 4598 dilucide
1456 4531 1633 4613 significavi
1660 4533 1700 4598 ad
1726 4534 1800 4598 Ant.
1822 4551 1850 4611 ‚v
1874 4536 1933 4598 513
1957 4538 1990 4596 et

257 4652 370 4717 Trach.
393 4672 413 4716 v
435 4657 517 4729 289,
533 4667 632 4732 quum
662 4667 741 4729 quas
769 4649 810 4713 ad
838 4649 976 4712 alterurn
1003 4647 1110 4713 locum
1139 4646 1275 4712 dicerem
1303 4644 1451 4709 metricas
1480 4643 1616 4709 rationes
1645 4645 1685 4709 ad
1707 4645 1867 4710 horrorem
1889 4644 1990 4710 istum

257 4760 493 4840 anapaesticum
516 4756 694 4823 referendas
714 4774 784 4822 esse
804 4774 844 4820 ex
867 4757 968 4838 primo
990 4759 1057 4823 loco
1078 4760 1254 4838 appareret.
1288 4756 1490 4821 Bellermann
1504 4755 1605 4838 igitur
1626 4755 1719 4821 hosce
1737 4772 1849 4820 versus
1864 4755 1989 4833 attulit,

255 4887 337 4950 quus
359 4871 474 4936 iniuria
496 4875 624 4950 propter
645 4869 749 4933 solum
771 4873 977 4948 anapaestum
999 4873 1130 4935 vexatos
1150 4885 1220 4932 esse
1242 4866 1373 4941 iudicat,
