4516 5558
256 651 413 734 quomodo
433 648 591 732 quibusve
612 649 651 715 de
672 647 777 715 causis
800 647 890 714 locus
912 646 1131 728 corruptelam
1152 645 1297 721 traxerit,
1321 643 1486 725 perspicue
1506 645 1747 710 demonstretur.
1774 643 1861 711 Sunt
1881 650 1992 712 autem

258 761 330 839 loci,
353 760 470 843 quibus
492 760 603 843 prima,
625 762 711 837 sunt,
732 757 850 840 quibus
871 759 975 823 altera
997 758 1078 822 ratio
1101 757 1250 823 videatur
1270 754 1379 836 aptius
1401 753 1554 820 adbiberi.
1597 755 1744 837 Utraque
1764 756 1865 838 igitur
1885 757 1914 822 si
1935 775 1991 838 pro
2118 784 2123 793 ·

256 877 375 937 natura
395 872 441 937 rei
462 871 638 954 promiscue
659 869 708 934 nti
731 868 899 949 placuerit,
920 886 1109 950 persuasum
1130 868 1248 934 babeas
1269 867 1302 932 id
1323 883 1448 933 summa
1468 883 1540 929 cum
1566 865 1755 930 uerecundia
1781 865 1859 944 fieri,
1892 885 1992 947 quum

261 984 293 1049 id
317 983 421 1049 solum
443 1001 545 1065 agam,
574 987 613 1045 ut
639 997 725 1046 meos
751 980 989 1061 qualescunque
1015 979 1176 1060 opiniones
1202 979 1343 1042 virorum
1372 978 1535 1042 doctorum
1562 975 1679 1043 iudicio
1707 977 1875 1046 subiiciam
1895 982 1993 1060 atque

255 1094 479 1161 commendem.
522 1093 607 1173 Ergo
629 1090 676 1155 ita
696 1096 849 1155 nascetur
869 1090 1044 1155 exordium.

354 1203 469 1271 Aescb.
492 1202 596 1268 Prom.
619 1220 639 1266 v
663 1207 740 1270 1011
765 1217 865 1281 quum
887 1200 1031 1279 dixisset,

754 1308 861 1391 λέγων
885 1303 978 1374 ἕοικα
999 1301 1106 1375 πολλὰ
1128 1299 1229 1375 παλαι
1251 1297 1359 1394 μάτην
1381 1301 1474 1391 ἐρεῖν,

256 1425 361 1492 scriba
381 1429 589 1506 anapaestum
610 1442 744 1506 perosus
766 1411 868 1486 πάλαι
891 1427 995 1490 altera
1015 1424 1142 1505 syllaba
1162 1428 1310 1504 surrepta
1330 1423 1362 1487 in
1382 1418 1440 1486 sot
1461 1424 1608 1488 mutavit.
1645 1422 1722 1488 lude
1743 1422 1836 1488 bodie
1856 1419 1992 1504 legimus

257 1537 343 1617 apud
365 1535 580 1601 Hermannum
601 1536 722 1618 absque
742 1554 847 1614 sensu,

755 1643 860 1728 λέγων
883 1638 975 1710 ἔοικα
996 1634 1100 1709 πολλὰ
1123 1642 1174 1708 καὶ
1197 1631 1304 1727 μάτην
1326 1638 1421 1725 ἐρεῖν,

260 1773 455 1837 quemquam
475 1757 634 1836 andimus,
656 1759 720 1824 iam
741 1760 774 1824 in
794 1758 957 1824 ueteribus
979 1757 1087 1836 fuisse,
1109 1775 1189 1839 quos
1209 1757 1292 1823 illud
1313 1752 1367 1819 καὶ
1387 1755 1565 1821 offenderet

357 1866 445 1933 ldem
467 1868 569 1933 scribe
591 1869 660 1934 sive
680 1869 785 1937 nescio
807 1869 880 1952 quis
901 1869 987 1935 alius
1007 1887 1108 1951 quum
1129 1868 1262 1934 baberet
1281 1867 1362 1936 baec
1381 1868 1533 1948 Aeschyli
1552 1868 1649 1932 rerba
1670 1886 1690 1931 v
1715 1870 1804 1943 1034,

1021 1968 1065 2054 ὡς
1086 1969 1135 2044 ὅδ’
1157 1967 1197 2043 οὗ
1220 1976 1453 2061 πεπλασμένος,

756 2081 775 2154 ὀ
795 2075 931 2172 κόμπος,
952 2080 1036 2156 ἄλλα
1056 2091 1163 2166 καλῶς
1185 2088 1258 2156 λίαν
1278 2088 1457 2178 εἰρημένος,

261 2202 389 2282 perinde
413 2198 519 2272 καλῶς
539 2208 668 2285 propter
686 2209 897 2285 anapaestum
918 2203 1010 2272 ioede
1029 2206 1170 2287 corrupit
1190 2224 1255 2272 una
1274 2207 1400 2289 syllaba
1420 2210 1567 2286 surrepta
1585 2205 1725 2273 scribens
1739 2200 1792 2267 sal
1807 2197 1890 2277 λίαν,
1910 2203 1994 2282 quod

258 2330 360 2394 quum
381 2313 465 2378 omni
487 2331 581 2379 sensu
603 2319 711 2380 cureat
731 2314 824 2380 bodie
845 2319 953 2383 tamen
973 2318 1060 2399 apud
1077 2317 1293 2383 Hermennum
1308 2318 1453 2401 legimus.
1478 2317 1645 2384 Sciendum
1659 2321 1767 2382 cutem
1781 2321 1841 2393 est,
1857 2313 1993 2381 Graecos

255 2423 375 2491 dixisse
397 2411 493 2506 λόγος
514 2422 620 2496 καλῶς
641 2418 821 2509 εἰρημένος,
844 2427 930 2509 quod
951 2426 1019 2508 ipse
1039 2426 1227 2493 scholiastes
1249 2428 1289 2494 ed
1310 2427 1413 2493 Prom
1435 2447 1455 2492 v
1478 2432 1538 2493 957
1560 2426 1590 2493 in
1612 2444 1706 2492 usum
1727 2443 1823 2491 suum
1838 2422 1995 2492 convertit

257 2553 360 2618 quum
382 2537 513 2602 diceret:
535 2530 606 2601 ἐστὶ
628 2535 682 2601 καὶ
703 2535 809 2611 καλῶς
828 2531 999 2621 εἰρημένος
1020 2535 1072 2601 καὶ
1095 2525 1285 2622 φρονήσεως
1310 2535 1425 2620 γέμων.

361 2649 473 2732 Agam.
495 2668 515 2714 v
536 2655 597 2716 835
620 2651 718 2731 νιιΙςο
740 2649 870 2732 legitur,

757 2748 869 2843 φάτις,
894 2757 1054 2841 τέτρωται
1076 2749 1210 2825 δικτιῖου
1232 2757 1320 2826 πλέον
1342 2757 1446 2844 λέγειν

264 2870 348 2951 quod
371 2870 539 2937 manifesto
559 2877 744 2954 eomuptum
765 2875 876 2939 estex
898 2871 949 2937 hie
970 2872 1075 2939 verbis
1096 2874 1242 2955 genuinis
1264 2892 1328 2940 una
1348 2854 1473 2957 syllaba
1486 2878 1632 2955 surrepta
1646 2878 1680 2938 et
1690 2893 1754 2940 una
1765 2875 1878 2939 littera
1887 2873 1997 2940 addite
2028 2946 2031 2952 ,

756 2967 869 3065 φάτις,
891 2979 1051 3067 τέτρωται
1073 2973 1209 3049 δικτύου
1230 2982 1328 3049 πλέον
1350 2976 1395 3058 ὡς
1416 2982 1528 3067 λέγειν,

357 3092 469 3173 suppl.
493 3111 513 3158 v
535 3097 595 3159 872
618 3097 715 3175 poete
734 3094 899 3175 scripsisse
919 3095 1057 3174 videtur,

756 3199 828 3268 eust
851 3193 911 3268 οὐκ
932 3193 1069 3271 &coece
1090 3207 1228 3286 ξυνοπῖιν
1249 3203 1336 3288 ἐμῶν
1358 3193 1475 3291 to‘yov.

358 3311 421 3377 Sed
443 3311 609 3378 lectionem
629 3316 826 3395 praeclaram
848 3317 938 3398 pedis
959 3318 1163 3386 submovendi
1184 3322 1288 3403 gratia
1309 3325 1519 3403 corruperunt
1537 3320 1592 3398 ita,
1697 3386 1707 3403 ,

757 3420 828 3491 ἐπεὶ
848 3418 907 3491 οὐκ
925 3417 1054 3493 ἀκούετ’
1075 3420 1137 3510 ὁξύ
1160 3430 1225 3496 τῶν
1247 3428 1336 3514 ἐμῶν
1355 3420 1470 3514 λόγων,

258 3531 340 3609 quod
363 3533 442 3598 nibil
464 3538 524 3600 est.
557 3534 707 3602 Ceterum
728 3537 803 3604 libri
825 3539 943 3606 babent
962 3560 1048 3620 sane,

758 3643 830 3714 ἐπεὶ
853 3642 891 3715 οὐ
911 3653 1014 3716 κακοῦ
1034 3647 1091 3732 ἕξιν
1114 3654 1188 3731 τῶν,

260 3755 353 3824 cuius
375 3751 392 3820 ἐ
413 3757 445 3822 iu
466 3749 522 3836 ἔξυ
548 3761 679 3843 propius
707 3764 748 3828 cd
778 3765 947 3830 veritatem
975 3784 1076 3848 quum
1105 3769 1266 3833 secederet
1289 3767 1462 3849 pmclivior
1494 3771 1599 3833 tamen
1628 3772 1699 3832 erat
1729 3763 1934 3831 commutatio
1962 3764 1996 3828 in

258 3860 330 3948 ὀξύ,
352 3869 429 3952 quia
451 3858 513 3951 ὀξι)
535 3859 664 3936 &abaco
686 3874 771 3957 aqud
794 3874 968 3942 Homerum
991 3883 1024 3943 et
1044 3879 1125 3946 alios
1147 3880 1280 3964 legitur:
1303 3881 1360 3946 sed
1381 3880 1456 3946 buic
1478 3881 1545 3944 loco
1566 3896 1626 3943 uon
1646 3877 1799 3942 convenit.

360 3982 458 4066 Supp.
481 4003 511 4049 v.
534 3990 594 4050 886
616 4002 673 4049 rex
695 4002 713 4048 e
733 4003 885 4065 praecone
905 3988 1040 4069 quaerit,

758 4092 886 4162 ποίοισι
909 4094 1067 4166 συνειπὼν
1089 4100 1260 4188 προξένοις
1280 4098 1471 4186 ἐγχωρίοις,

259 4203 313 4269 cui
333 4207 499 4284 respondet
519 4225 642 4288 praeeo,

754 4313 862 4406 ‘ane
882 4319 1028 4406 ιιενίστν
1049 4323 1195 4409 προξένῳ
1216 4324 1397 4410 carmelo·

359 4426 442 4493 Tum
463 4447 530 4509 rex,

754 4551 865 4612 θεοῖσι
888 4541 1047 4613 cursando
1069 4542 1147 4621 τούς
1168 4540 1268 4623 θεοὺς
1291 4537 1384 4613 οὐδὲν
1406 4544 1505 4628 σέβει,

360 4654 412 4721 Sic
421 4657 505 4723 euim
516 4657 654 4724 arbitror
667 4666 793 4742 poetam
804 4662 976 4743 scripsisse.
998 4664 1081 4729 Nam
1091 4665 1251 4727 οινεινιεῖν
1264 4660 1434 4745 significet,
1449 4664 1523 4726 oute
1532 4677 1600 4723 rem
1608 4657 1779 4740 gerendam
1787 4650 1913 4733 aliquid
1922 4667 1995 4716 cum

262 4764 370 4848 aliquo
385 4768 589 4846 constituere,
603 4770 728 4851 pacisci.
751 4772 865 4855 ltaque
879 4773 960 4839 banc
981 4775 1148 4840 dictionem
1162 4781 1221 4840 aut
1234 4775 1412 4856 ignorantes
1426 4776 1485 4836 eut
1498 4769 1695 4853 negligentes
1706 4761 1997 4853 scripseruutpedis

259 4895 358 4944 causa
370 4876 515 4946 ποίοισιν
529 4871 641 4958 εἰπών,
655 4885 785 4946 θεοῖσιν
794 4874 906 4960 εἰπών,
927 4887 1012 4967 quod
1033 4885 1209 4951 absurdum
1230 4887 1288 4950 est.
1321 4883 1487 4949 Potuisset
1499 4898 1575 4947 sune
1588 4880 1740 4947 coniicere
1754 4875 1871 4957 aliquis
1885 4871 1998 4948 ποίοιν
