4516 5558
1022 402 1244 476 -g..

264 606 347 671 inest
368 610 473 670 tumen
494 605 621 686 propter
641 600 726 669 cauis
747 589 963 683 ὑλακομώρου
996 603 1210 684 importunam
1238 602 1459 683 petulantiam.
1504 604 1558 673 Sic
1586 604 1686 688 igitur
1713 608 1746 673 in
1766 626 1836 677 meo
1857 610 2003 691 exemplo

264 714 474 782 Prometheus
495 714 689 783 Mercurium
711 714 899 796 alloquitur,

663 843 683 889 r
708 830 787 892 1005
809 813 915 903 ὀχλεῖς
936 811 1043 906 μάτην
1063 841 1106 901 με
1124 807 1210 883 κύων
1231 811 1321 894 ὅπως
1336 823 1533 907 παρηγορῶν

264 938 285 1002 1.
299 955 327 1003 e.
342 940 503 1016 molestas,
525 938 618 1003 renia
634 938 678 1002 sit
698 937 803 1015 verbo,
824 936 948 1002 frustra
970 954 1019 1000 me
1034 934 1118 1000 sicut
1132 934 1218 1000 uanis
1229 935 1428 1017 alloquendo.
1455 938 1525 1016 Quo
1539 939 1656 1007 melius
1670 940 1711 1005 ah
1721 940 1806 1006 omui
1816 947 1909 1022 parte
1919 940 2001 1017 nihil

264 1047 403 1132 proiectu
414 1054 522 1132 potest
535 1048 680 1132 cogitari.
712 1049 785 1114 Jam
801 1067 876 1112 veno
898 1047 1008 1112 horror
1027 1046 1251 1126 anapaesticus
1265 1063 1322 1126 pro
1335 1065 1413 1113 cane
1427 1047 1593 1114 Homerico
1606 1048 1769 1117 fallaciam
1787 1050 1879 1115 illam
1898 1051 2001 1116 undae

263 1156 418 1225 fabricata
438 1164 498 1235 eet,
520 1176 602 1240 quae
622 1158 681 1222 huc
703 1158 772 1224 loce
794 1157 868 1239 quid
890 1157 953 1222 sibi
975 1157 1075 1220 vellet
1094 1173 1185 1222 nemo
1207 1156 1393 1223 mortalium
1413 1157 1708 1241 adhucperspexit;
1730 1160 1786 1226 sed
1799 1158 1997 1243 argumentis

262 1268 429 1335 afferendis
449 1268 481 1333 in
502 1286 537 1334 re
557 1268 699 1335 dilucida
719 1269 918 1349 supersedeo.
947 1267 1109 1332 Hermann
1130 1264 1231 1348 igitur
1253 1266 1360 1345 habet,

755 1375 861 1458 ὀχλεῖς
881 1365 989 1463 μάτην
1010 1399 1052 1459 με
1074 1365 1150 1457 κῦμ’
1175 1366 1271 1450 ὅπως
1293 1378 1497 1463 παρηγορῶν.

362 1495 455 1561 Nunc
475 1495 517 1560 ad
537 1493 666 1560 initium
688 1493 961 1561 commentationis
982 1493 1009 1558 si
1033 1492 1220 1574 paullulum
1240 1490 1438 1572 respicimus,
1460 1491 1544 1557 illud
1564 1490 1631 1556 fere
1650 1492 1820 1573 probatum
1835 1492 1999 1560 esseexis·

261 1606 350 1684 timo,
376 1607 461 1687 quod
482 1605 549 1671 dixi
570 1607 688 1688 passim
709 1605 829 1671 scribas
850 1623 917 1668 rem
938 1623 1030 1670 suam
1051 1603 1099 1666 ita
1120 1600 1304 1679 confecisse,
1333 1606 1370 1666 ut
1396 1607 1539 1683 apertam
1568 1603 1793 1684 corruptelam,
1823 1620 1906 1685 quae
1935 1621 2000 1668 uua

261 1716 387 1799 syllaba
406 1715 526 1795 addita,
548 1717 668 1782 accedit
688 1721 797 1780 autem
818 1714 976 1780 interdum
997 1710 1386 1789 levissimacommutatio,
1409 1713 1513 1779 sanari
1528 1717 1645 1794 posset,
1661 1720 1830 1794 anapaesto
1845 1714 1997 1779 restituto

259 1829 392 1910 posteris
419 1827 500 1893 bona
530 1825 658 1892 fortuna
689 1827 911 1908 relinquerent.
954 1824 1006 1890 Sic
1032 1824 1171 1888 vidimus
1198 1816 1256 1885 aui
1284 1840 1324 1887 ex
1350 1809 1461 1898 πάλαι,
1492 1817 1551 1899 καί
1578 1842 1618 1889 ex
1638 1819 1745 1895 aelric
1765 1810 1914 1891 ex'urtum
1932 1829 1995 1891 etc

259 1939 352 2017 Quod
372 1956 472 2020 quum
493 1938 537 2004 sit
556 1938 649 2019 quasi
668 1935 858 2018 principium
879 1939 912 1999 et
933 1933 1175 2000 fundamentum
1196 1934 1299 2000 tutius
1319 1935 1523 2017 quaestionis,
1544 1953 1606 2002 uno
1626 1936 1724 2003 etiam
1739 1938 1885 2017 exemplo
1901 1937 1994 2005 lucu·

258 2049 354 2127 lento,
376 2054 544 2130 antequam
564 2065 742 2130 pergamus,
764 2046 910 2112 stabilire
930 2044 1035 2110 liceat.
1078 2044 1213 2126 Legitur
1233 2045 1319 2126 apud
1340 2045 1566 2122 dermannus,

638 2157 724 2238 Sept.
746 2176 766 2221 v
788 2162 849 2223 259
863 2154 1162 2239 ταυροκτονοῦντας
1184 2157 1313 2219 θεοῖσιν
1335 2143 1392 2217 ὧδ’
1422 2145 1605 2234 ἐπεύχεται.

359 2269 446 2335 Illud
457 2255 513 2330 ὧδ’
529 2269 606 2352 quid
626 2275 711 2335 esset
732 2270 792 2336 hoc
806 2271 875 2336 loeo
888 2268 992 2333 fateor
1006 2287 1056 2333 me
1070 2288 1232 2350 uunquam
1246 2268 1455 2349 perspexisse.
1477 2268 1676 2349 Quamquam
1692 2268 1878 2348 interpretes
1889 2268 1994 2331 omnia

258 2397 350 2461 posse
370 2380 531 2462 explicare
551 2384 685 2446 cunstat.
725 2380 841 2462 ltaque
862 2379 1011 2461 Hartung
1032 2379 1109 2444 haec
1134 2380 1247 2445 habet:
1275 2366 1341 2443 ὦδε
1374 2381 1420 2446 ita
1441 2379 1542 2445 heisst
1563 2384 1657 2444 unter
1677 2380 1779 2444 dieser
1800 2377 1995 2460 Bedingung,

257 2489 405 2567 nimiich,
434 2508 521 2555 wenn
549 2489 596 2555 sie
616 2489 690 2572 Sieg
719 2483 898 2555 verleihen'.
942 2489 1001 2554 Sed
1025 2488 1160 2554 fortasse
1182 2510 1304 2559 mecum
1326 2510 1409 2559 uunc
1427 2490 1523 2556 faciet
1549 2489 1598 2553 vir
1626 2489 1807 2572 ingeniosus
1827 2489 1992 2570 suspicata

257 2588 313 2664 rid
335 2602 512 2668 mutilando
533 2607 661 2682 propter
680 2606 889 2682 anapaestum
911 2619 951 2665 ex
972 2598 1096 2678 συχνοῖςΙ
1122 2604 1270 2667 exortum
1289 2620 1370 2668 esse.
1413 2600 1547 2682 Scripsit
1567 2600 1667 2682 igitur
1691 2604 1793 2682 poeta,

752 2712 1049 2795 ταυροκτονοῦντας
1070 2715 1182 2776 θεοῖσι
1204 2712 1328 2791 συχνοῖς
1347 2698 1542 2792 ἐπεύχομαι,

357 2823 405 2887 De
422 2822 557 2903 optione,
579 2841 675 2905 quam
689 2842 787 2904 supra
807 2823 992 2907 significavi,
1016 2825 1074 2890 huc
1095 2827 1164 2892 loco
1186 2827 1282 2899 θεοῖς
1302 2827 1386 2892 inter
1406 2833 1439 2892 et
1457 2827 1569 2888 Senius
1591 2823 1694 2890 danda
1714 2826 1818 2889 satius
1839 2842 1909 2887 eam
1932 2821 1993 2887 erit

255 2932 337 2999 nihil
363 2934 487 2998 addere.

355 3043 418 3110 Sed
438 3044 518 3110 haec
538 3044 701 3108 hactenus
733 3044 934 3121 Addideram
957 3043 1107 3111 callidius
1128 3046 1201 3111 illos
1223 3064 1318 3128 saepe
1338 3046 1482 3113 fraudem
1497 3047 1661 3114 celavisse.
1691 3047 1782 3125 Quod
1795 3064 1991 3129 quamquam

256 3156 344 3220 sario
366 3156 457 3222 modo
479 3154 601 3223 lactum
622 3159 679 3232 est,
701 3154 896 3237 singularem
918 3161 1025 3222 tamen
1047 3138 1313 3224 machinationem
1338 3159 1514 3227 clarissima
1533 3160 1566 3224 in
1579 3161 1653 3228 luce
1666 3161 1823 3228 collocare
1839 3156 1987 3225 studebo.

255 3311 373 3367 delector
389 3312 467 3367 modo
484 3329 538 3366 non
554 3313 678 3368 omnibus
695 3313 766 3366 haud
784 3312 888 3382 pingui,
907 3330 998 3381 precor
1015 3319 1044 3369 et
1055 3316 1167 3381 conlido,
1185 3318 1314 3372 Minerva
1341 3320 1379 3372 nt
1391 3320 1462 3373 enim
1473 3321 1582 3374 memini
1594 3322 1680 3376 virum
1693 3322 1811 3387 doctum,
1829 3325 1872 3377 cui
1886 3328 1992 3391 praeter

256 3406 475 3475 manegaldi
497 3407 628 3461 catenis
645 3407 853 3461 nobilitatus
876 3407 922 3461 ille
940 3425 1068 3477 perquam
1087 3411 1186 3473 arrisit,
1210 3428 1251 3465 me
1268 3428 1370 3480 regare,
1394 3418 1425 3466 ut
1442 3412 1532 3480 plures
1548 3415 1749 3469 emendationes
1766 3417 1988 3471 communicarem

254 3501 283 3555 in
301 3501 401 3556 Kelleri
419 3506 448 3555 et
466 3499 576 3555 Helderi
593 3500 760 3569 splendidam
778 3501 923 3556 editionem
935 3503 1111 3571 recipiendas.
1134 3503 1231 3571 ltaque
1243 3503 1377 3559 limitibus
1388 3506 1468 3559 huius
1480 3506 1635 3575 scriptionis
1648 3508 1828 3576 praepeditus,
1846 3510 1989 3577 quominus

255 3598 283 3649 et
300 3596 377 3665 plura
393 3594 536 3664 proferrem
554 3596 583 3648 et
600 3610 639 3656 ea
657 3610 725 3662 quae
742 3594 864 3649 uberiore
881 3597 1073 3650 commentario
1091 3599 1210 3666 egerent,
1229 3597 1327 3665 quippe
1345 3615 1428 3666 quum
1439 3600 1529 3668 legum
1541 3600 1656 3654 istarum
1667 3601 1760 3656 cohors
1771 3603 1867 3657 misero
1882 3620 1989 3673 quoque

254 3687 367 3743 Horatio
383 3687 542 3757 iampridem
559 3687 736 3751 incubuisset,
757 3689 843 3742 satius
866 3688 939 3754 duri,
957 3689 1028 3744 bona
1050 3689 1191 3745 voluntate
1215 3689 1329 3759 probata
1345 3693 1520 3761 paucissimas
1537 3695 1616 3748 hasce
1633 3711 1664 3749 ex
1682 3695 1805 3764 plurimis
1824 3715 1986 3767 proponere:

703 3798 783 3837 carna
813 3784 834 3848 1,
852 3781 893 3846 32,
912 3801 928 3837 r
962 3781 979 3835 2
996 3784 1100 3838 roscido
1117 3785 1223 3854 siquid
1242 3786 1320 3840 saeui
1336 3786 1388 3840 sub
1405 3791 1484 3841 antro

993 3860 1107 3931 lusimus
1124 3881 1170 3953 te,
1189 3895 1289 3942 nune,
1307 3879 1379 3948 quod
1396 3886 1447 3935 etc.

786 3968 836 4031 111,
869 3968 894 4032 4,
912 3986 928 4021 r
944 3970 977 4022 45
996 3970 1043 4039 qui
1059 3973 1159 4025 terram
1176 3973 1298 4037 inertem,
1318 3974 1364 4043 qni
1381 3989 1453 4028 mare
1469 3978 1660 4043 temperans

995 4068 1136 4121 ventosum
1154 4071 1183 4121 et
1200 4067 1308 4122 umbras
1326 4084 1462 4137 regnaque
1479 4070 1574 4124 tristia
1591 4074 1644 4126 etc.

783 4158 838 4219 111,
873 4155 897 4220 8,
916 4175 932 4210 r
952 4159 983 4211 14
1000 4159 1119 4229 sospitis,
1136 4167 1269 4216 cantum
1287 4172 1320 4217 et
1337 4168 1390 4218 etc.

783 4251 837 4310 111,
857 4251 896 4312 ll,
915 4268 931 4301 r
950 4251 980 4304 11
998 4253 1167 4308 iacturam
1185 4262 1309 4326 expertae
1326 4261 1378 4311 etc.

784 4345 838 4401 111.
855 4343 896 4403 ‘³0
913 4361 929 4395 r
963 4343 980 4396 6
1353 4366 1450 4411 morae,

995 4454 1027 4491 ne
1045 4441 1190 4509 temperi
1208 4441 1290 4495 udum
1308 4447 1359 4497 etc.

786 4530 837 4592 111,
854 4530 896 4593 30,
916 4547 932 4582 r
951 4529 983 4583 10
1366 4537 1500 4606 obstrepit
1520 4537 1631 4592 Aufidus

992 4628 1118 4694 tesqua
1135 4625 1247 4680 Daunus
1266 4644 1351 4696 aquae
1368 4647 1476 4701 pauper,
1495 4633 1641 4702 agrestium

994 4724 1123 4789 regnator
1141 4720 1352 4776 modulorum
1369 4740 1400 4777 er
1416 4724 1513 4778 humili
1530 4731 1626 4794 potens

993 4805 1117 4875 princeps
1136 4805 1258 4859 Aeolium
1277 4823 1383 4861 carmen
1400 4807 1435 4861 ad
1453 4808 1538 4863 italos

991 4889 1140 4956 deduxisse,
1158 4891 1236 4946 medo
1254 4909 1269 4946 o
1287 4900 1339 4948 etc.

352 4967 428 5021 Haec
444 4968 519 5022 satis.
554 4967 687 5023 Idunum
705 4984 805 5031 moneo,
823 4971 976 5042 obstrepere
994 4975 1077 5030 etiarn
1094 4993 1155 5032 cum
1173 4980 1328 5035 meumtivo
1344 4978 1476 5046 usurpari.
1510 4977 1608 5033 Cetera
1626 4978 1684 5046 ipse
1700 4980 1858 5049 supposita
