<?xml version="1.0" encoding="UTF-8"?>
<!DOCTYPE html PUBLIC "-//W3C//DTD XHTML 1.0 Transitional//EN"
    "http://www.w3.org/TR/xhtml1/DTD/xhtml1-transitional.dtd">
<html xmlns="http://www.w3.org/1999/xhtml" xml:lang="en" lang="en">
 <head>
  <title>
</title>
<meta http-equiv="Content-Type" content="text/html;charset=utf-8" />
  <meta name='ocr-system' content='tesseract 3.04.00' />
  <meta name='ocr-capabilities' content='ocr_page ocr_carea ocr_par ocr_line ocrx_word'/>
</head>
<body>
  <div class='ocr_page' id='page_1' title='image "./deanapaestointr00hamagoog_0025.png"; bbox 0 0 4516 5558; ppageno 0'>
   <div class='ocr_carea' id='block_1_1' title="bbox 1077 420 1320 494">
    <p class='ocr_par' dir='ltr' id='par_1_1' title="bbox 1077 420 1320 494">
     <span class='ocr_line' id='line_1_1' title="bbox 1077 420 1320 494; baseline 0.012 -22"><span class='ocrx_word' id='word_1_1' title='bbox 1077 420 1320 494; x_wconf 70' lang='lat'>..16-</span> 
     </span>
    </p>
   </div>
   <div class='ocr_carea' id='block_1_2' title="bbox 329 620 2068 1600">
    <p class='ocr_par' dir='ltr' id='par_1_2' title="bbox 330 620 2065 930">
     <span class='ocr_line' id='line_1_2' title="bbox 330 620 2065 707; baseline 0.001 -16"><span class='ocrx_word' id='word_1_2' title='bbox 330 625 520 701; x_wconf 88' lang='lat' dir='ltr'>satissimus‚</span> <span class='ocrx_word' id='word_1_3' title='bbox 543 624 626 706; x_wconf 90' lang='lat' dir='ltr'>quod</span> <span class='ocrx_word' id='word_1_4' title='bbox 647 622 769 688; x_wconf 84' lang='lat' dir='ltr'><strong>sciebat</strong></span> <span class='ocrx_word' id='word_1_5' title='bbox 789 620 967 700; x_wconf 80' lang='lat' dir='ltr'><strong>Geryonem</strong></span> <span class='ocrx_word' id='word_1_6' title='bbox 988 620 1091 685; x_wconf 88' lang='lat' dir='ltr'>tribus</span> <span class='ocrx_word' id='word_1_7' title='bbox 1113 622 1242 701; x_wconf 91' lang='lat' dir='ltr'>quidem</span> <span class='ocrx_word' id='word_1_8' title='bbox 1262 639 1361 703; x_wconf 91' lang='lat' dir='ltr'>supra</span> <span class='ocrx_word' id='word_1_9' title='bbox 1381 623 1548 700; x_wconf 88' lang='lat' dir='ltr'>lateribus,</span> <span class='ocrx_word' id='word_1_10' title='bbox 1569 624 1693 690; x_wconf 92' lang='lat' dir='ltr'>duobus</span> <span class='ocrx_word' id='word_1_11' title='bbox 1713 628 1822 690; x_wconf 90' lang='lat' dir='ltr'>autem</span> <span class='ocrx_word' id='word_1_12' title='bbox 1836 624 1918 690; x_wconf 87' lang='lat' dir='ltr'>infra</span> <span class='ocrx_word' id='word_1_13' title='bbox 1931 628 2065 707; x_wconf 88' lang='lat' dir='ltr'>pedibus</span> 
     </span>
     <span class='ocr_line' id='line_1_3' title="bbox 331 731 2059 817; baseline 0.001 -15"><span class='ocrx_word' id='word_1_14' title='bbox 331 737 432 802; x_wconf 84' lang='lat' dir='ltr'>fnisse</span> <span class='ocrx_word' id='word_1_15' title='bbox 452 737 655 809; x_wconf 89' lang='lat' dir='ltr'>instructum,</span> <span class='ocrx_word' id='word_1_16' title='bbox 677 732 709 797; x_wconf 93' lang='lat' dir='ltr'>in</span> <span class='ocrx_word' id='word_1_17' title='bbox 731 751 827 797; x_wconf 93' lang='lat' dir='ltr'>usum</span> <span class='ocrx_word' id='word_1_18' title='bbox 847 750 942 796; x_wconf 92' lang='lat' dir='ltr'>suum</span> <span class='ocrx_word' id='word_1_19' title='bbox 969 731 1125 795; x_wconf 85' lang='lat' dir='ltr'>convertit</span> <span class='ocrx_word' id='word_1_20' title='bbox 1153 750 1282 798; x_wconf 84' lang='lat' dir='ltr'>versum</span> <span class='ocrx_word' id='word_1_21' title='bbox 1310 733 1494 812; x_wconf 82' lang='lat' dir='ltr'>fabricatus,</span> <span class='ocrx_word' id='word_1_22' title='bbox 1524 735 1553 800; x_wconf 92' lang='lat' dir='ltr'>si</span> <span class='ocrx_word' id='word_1_23' title='bbox 1584 735 1645 800; x_wconf 92' lang='lat' dir='ltr'>diis</span> <span class='ocrx_word' id='word_1_24' title='bbox 1665 738 1773 817; x_wconf 87' lang='lat' dir='ltr'>placet</span> <span class='ocrx_word' id='word_1_25' title='bbox 1794 740 1827 801; x_wconf 89' lang='lat' dir='ltr'>et</span> <span class='ocrx_word' id='word_1_26' title='bbox 1848 737 1926 802; x_wconf 82' lang='lat' dir='ltr'>viris</span> <span class='ocrx_word' id='word_1_27' title='bbox 1948 738 2059 815; x_wconf 84' lang='lat' dir='ltr'>doctis,</span> 
     </span>
     <span class='ocr_line' id='line_1_4' title="bbox 333 847 576 930; baseline -0.016 -15"><span class='ocrx_word' id='word_1_28' title='bbox 333 847 576 930; x_wconf 85' lang='lat' dir='ltr'>lepidissimum,</span> 
     </span>
    </p>

    <p class='ocr_par' dir='ltr' id='par_1_3' title="bbox 778 940 1525 1039">
     <span class='ocr_line' id='line_1_5' title="bbox 778 940 1525 1039; baseline 0.001 -23"><span class='ocrx_word' id='word_1_29' title='bbox 778 950 902 1037; x_wconf 72' lang='grc' dir='ltr'><em>πολλήν</em></span> <span class='ocrx_word' id='word_1_30' title='bbox 922 942 1062 1029; x_wconf 68' lang='grc' dir='ltr'><em>ἄνωθεν,</em></span> <span class='ocrx_word' id='word_1_31' title='bbox 1084 942 1143 1037; x_wconf 71' lang='grc' dir='ltr'>τὴν</span> <span class='ocrx_word' id='word_1_32' title='bbox 1164 940 1253 1016; x_wconf 83' lang='grc' dir='ltr'><em>κιίτω</em></span> <span class='ocrx_word' id='word_1_33' title='bbox 1277 945 1340 1037; x_wconf 81' lang='grc' dir='ltr'>χᾶρ</span> <span class='ocrx_word' id='word_1_34' title='bbox 1362 942 1403 1018; x_wconf 84' lang='grc' dir='ltr'>ού</span> <span class='ocrx_word' id='word_1_35' title='bbox 1426 954 1525 1039; x_wconf 79' lang='grc' dir='ltr'><em>λέγω.</em></span> 
     </span>
    </p>

    <p class='ocr_par' dir='ltr' id='par_1_4' title="bbox 329 1056 2068 1600">
     <span class='ocr_line' id='line_1_6' title="bbox 431 1056 2068 1156; baseline 0.005 -22"><span class='ocrx_word' id='word_1_36' title='bbox 431 1068 718 1150; x_wconf 81' lang='lat' dir='ltr'>Clytemnaestram</span> <span class='ocrx_word' id='word_1_37' title='bbox 740 1067 838 1149; x_wconf 88' lang='lat' dir='ltr'>igitur</span> <span class='ocrx_word' id='word_1_38' title='bbox 858 1067 905 1131; x_wconf 91' lang='lat' dir='ltr'>sic</span> <span class='ocrx_word' id='word_1_39' title='bbox 926 1064 992 1130; x_wconf 82' lang='lat' dir='ltr'>fere</span> <span class='ocrx_word' id='word_1_40' title='bbox 1016 1065 1094 1133; x_wconf 85' lang='lat' dir='ltr'>fecit</span> <span class='ocrx_word' id='word_1_41' title='bbox 1122 1069 1320 1148; x_wconf 84' lang='lat' dir='ltr'>loquentem:</span> <span class='ocrx_word' id='word_1_42' title='bbox 1336 1056 1441 1147; x_wconf 87' lang='lat' dir='ltr'>‘Quod</span> <span class='ocrx_word' id='word_1_43' title='bbox 1468 1071 1495 1135; x_wconf 89' lang='lat' dir='ltr'>si</span> <span class='ocrx_word' id='word_1_44' title='bbox 1517 1072 1613 1136; x_wconf 89' lang='lat' dir='ltr'>toties</span> <span class='ocrx_word' id='word_1_45' title='bbox 1635 1075 1780 1138; x_wconf 92' lang='lat' dir='ltr'>mortuus</span> <span class='ocrx_word' id='word_1_46' title='bbox 1814 1078 1909 1150; x_wconf 80' lang='lat' dir='ltr'>osset,</span> <span class='ocrx_word' id='word_1_47' title='bbox 1942 1076 2068 1156; x_wconf 86' lang='lat' dir='ltr'>quoties</span> 
     </span>
     <span class='ocr_line' id='line_1_7' title="bbox 329 1176 2060 1264; baseline 0 -15"><span class='ocrx_word' id='word_1_48' title='bbox 329 1182 504 1257; x_wconf 84' lang='lat' dir='ltr'>ferebatur,</span> <span class='ocrx_word' id='word_1_49' title='bbox 537 1179 655 1261; x_wconf 83' lang='lat' dir='ltr'>triplex</span> <span class='ocrx_word' id='word_1_50' title='bbox 684 1177 837 1258; x_wconf 82' lang='lat' dir='ltr'>Geryonis</span> <span class='ocrx_word' id='word_1_51' title='bbox 866 1195 981 1258; x_wconf 91' lang='lat' dir='ltr'>corpus</span> <span class='ocrx_word' id='word_1_52' title='bbox 1008 1176 1062 1258; x_wconf 89' lang='lat' dir='ltr'>(de</span> <span class='ocrx_word' id='word_1_53' title='bbox 1088 1178 1244 1244; x_wconf 88' lang='lat' dir='ltr'>lateribus</span> <span class='ocrx_word' id='word_1_54' title='bbox 1271 1180 1393 1261; x_wconf 88' lang='lat' dir='ltr'>loquor,</span> <span class='ocrx_word' id='word_1_55' title='bbox 1424 1180 1543 1246; x_wconf 93' lang='lat' dir='ltr'>nonde</span> <span class='ocrx_word' id='word_1_56' title='bbox 1569 1181 1716 1264; x_wconf 89' lang='lat' dir='ltr'>pedibus)</span> <span class='ocrx_word' id='word_1_57' title='bbox 1737 1183 1856 1250; x_wconf 87' lang='lat' dir='ltr'>habere</span> <span class='ocrx_word' id='word_1_58' title='bbox 1879 1182 2060 1250; x_wconf 86' lang='lat' dir='ltr'>debuisset&#39;.</span> 
     </span>
     <span class='ocr_line' id='line_1_8' title="bbox 331 1279 2068 1376; baseline 0 -15"><span class='ocrx_word' id='word_1_59' title='bbox 331 1295 381 1362; x_wconf 82' lang='lat' dir='ltr'>En</span> <span class='ocrx_word' id='word_1_60' title='bbox 400 1294 498 1359; x_wconf 88' lang='lat' dir='ltr'>habes</span> <span class='ocrx_word' id='word_1_61' title='bbox 517 1279 659 1373; x_wconf 75' lang='grc' dir='ltr'><em>ἄγαλμα,</em></span> <span class='ocrx_word' id='word_1_62' title='bbox 679 1289 832 1354; x_wconf 83' lang='lat' dir='ltr'>eximium</span> <span class='ocrx_word' id='word_1_63' title='bbox 853 1287 993 1351; x_wconf 88' lang='lat' dir='ltr'>astutiae</span> <span class='ocrx_word' id='word_1_64' title='bbox 1012 1289 1291 1369; x_wconf 90' lang='lat' dir='ltr'>grammaticorum</span> <span class='ocrx_word' id='word_1_65' title='bbox 1313 1290 1482 1371; x_wconf 87' lang='lat' dir='ltr'>specimen</span> <span class='ocrx_word' id='word_1_66' title='bbox 1510 1292 1666 1358; x_wconf 76' lang='lat' dir='ltr'>Restabat</span> <span class='ocrx_word' id='word_1_67' title='bbox 1687 1299 1725 1358; x_wconf 93' lang='lat' dir='ltr'>ut</span> <span class='ocrx_word' id='word_1_68' title='bbox 1738 1301 1926 1376; x_wconf 72' lang='lat' dir='ltr'><strong>anapaestos</strong></span> <span class='ocrx_word' id='word_1_69' title='bbox 1941 1303 2068 1376; x_wconf 91' lang='lat' dir='ltr'>protur-</span> 
     </span>
     <span class='ocr_line' id='line_1_9' title="bbox 331 1397 2068 1488; baseline 0.002 -17"><span class='ocrx_word' id='word_1_70' title='bbox 331 1407 422 1472; x_wconf 88' lang='lat' dir='ltr'>baret</span> <span class='ocrx_word' id='word_1_71' title='bbox 443 1406 493 1469; x_wconf 86' lang='lat' dir='ltr'>vir</span> <span class='ocrx_word' id='word_1_72' title='bbox 514 1402 699 1479; x_wconf 91' lang='lat' dir='ltr'>industrius,</span> <span class='ocrx_word' id='word_1_73' title='bbox 721 1418 784 1482; x_wconf 90' lang='lat' dir='ltr'>quo</span> <span class='ocrx_word' id='word_1_74' title='bbox 805 1416 935 1463; x_wconf 92' lang='lat' dir='ltr'>munere</span> <span class='ocrx_word' id='word_1_75' title='bbox 955 1398 1109 1478; x_wconf 90' lang='lat' dir='ltr'>quomodo</span> <span class='ocrx_word' id='word_1_76' title='bbox 1131 1397 1315 1478; x_wconf 85' lang='lat' dir='ltr'>perfunctus</span> <span class='ocrx_word' id='word_1_77' title='bbox 1336 1401 1389 1478; x_wconf 92' lang='lat' dir='ltr'>sit,</span> <span class='ocrx_word' id='word_1_78' title='bbox 1412 1400 1504 1468; x_wconf 86' lang='lat' dir='ltr'>facile</span> <span class='ocrx_word' id='word_1_79' title='bbox 1525 1405 1734 1485; x_wconf 89' lang='lat' dir='ltr'>comparando</span> <span class='ocrx_word' id='word_1_80' title='bbox 1758 1406 1940 1488; x_wconf 83' lang='lat' dir='ltr'>perspicies.</span> <span class='ocrx_word' id='word_1_81' title='bbox 1984 1408 2068 1485; x_wconf 87' lang='lat' dir='ltr'><strong>Quid</strong></span> 
     </span>
     <span class='ocr_line' id='line_1_10' title="bbox 332 1508 1228 1600; baseline -0.011 -17"><span class='ocrx_word' id='word_1_82' title='bbox 332 1517 433 1600; x_wconf 87' lang='lat' dir='ltr'>igitur</span> <span class='ocrx_word' id='word_1_83' title='bbox 453 1515 514 1579; x_wconf 86' lang='lat' dir='ltr'>riri</span> <span class='ocrx_word' id='word_1_84' title='bbox 535 1513 620 1580; x_wconf 91' lang='lat' dir='ltr'>docti</span> <span class='ocrx_word' id='word_1_85' title='bbox 645 1510 813 1578; x_wconf 79' lang='lat' dir='ltr'>fecerunt?</span> <span class='ocrx_word' id='word_1_86' title='bbox 839 1509 1001 1573; x_wconf 81' lang='lat' dir='ltr'>Hermann</span> <span class='ocrx_word' id='word_1_87' title='bbox 1022 1508 1100 1574; x_wconf 90' lang='lat' dir='ltr'>hace</span> <span class='ocrx_word' id='word_1_88' title='bbox 1121 1508 1228 1586; x_wconf 83' lang='lat' dir='ltr'>habet,</span> 
     </span>
    </p>
   </div>
   <div class='ocr_carea' id='block_1_3' title="bbox 778 1635 1543 1958">
    <p class='ocr_par' dir='ltr' id='par_1_5' title="bbox 778 1635 1543 1958">
     <span class='ocr_line' id='line_1_11' title="bbox 780 1635 1442 1733; baseline 0.002 -21"><span class='ocrx_word' id='word_1_89' title='bbox 780 1635 989 1731; x_wconf 75' lang='grc' dir='ltr'><strong><em>τρισώματός</em></strong></span> <span class='ocrx_word' id='word_1_90' title='bbox 1010 1638 1068 1710; x_wconf 74' lang='grc' dir='ltr'>τᾶν</span> <span class='ocrx_word' id='word_1_91' title='bbox 1092 1639 1227 1731; x_wconf 73' lang='grc' dir='ltr'><em>Γηρυὼν</em></span> <span class='ocrx_word' id='word_1_92' title='bbox 1249 1638 1267 1712; x_wconf 84' lang='grc' dir='ltr'><strong>ὁ</strong></span> <span class='ocrx_word' id='word_1_93' title='bbox 1288 1639 1442 1733; x_wconf 87' lang='grc' dir='ltr'><em>δεύτερος</em></span> 
     </span>
     <span class='ocr_line' id='line_1_12' title="bbox 779 1749 1518 1847; baseline 0.001 -22"><span class='ocrx_word' id='word_1_94' title='bbox 779 1751 902 1844; x_wconf 71' lang='grc' dir='ltr'><em>πολλὴν</em></span> <span class='ocrx_word' id='word_1_95' title='bbox 923 1751 1061 1835; x_wconf 68' lang='grc' dir='ltr'><em>ἄνωθεν,</em></span> <span class='ocrx_word' id='word_1_96' title='bbox 1083 1757 1142 1846; x_wconf 78' lang='grc' dir='ltr'>τὴν</span> <span class='ocrx_word' id='word_1_97' title='bbox 1163 1749 1252 1824; x_wconf 78' lang='grc' dir='ltr'><em>καίτοι</em></span> <span class='ocrx_word' id='word_1_98' title='bbox 1277 1751 1339 1847; x_wconf 77' lang='grc' dir='ltr'>γὰρ</span> <span class='ocrx_word' id='word_1_99' title='bbox 1362 1753 1402 1826; x_wconf 81' lang='grc' dir='ltr'>ου’</span> <span class='ocrx_word' id='word_1_100' title='bbox 1425 1760 1518 1844; x_wconf 74' lang='grc' dir='ltr'><em>λέγω,</em></span> 
     </span>
     <span class='ocr_line' id='line_1_13' title="bbox 778 1864 1543 1958; baseline -0.001 -20"><span class='ocrx_word' id='word_1_101' title='bbox 778 1864 901 1954; x_wconf 75' lang='grc' dir='ltr'><em>χθονὸς</em></span> <span class='ocrx_word' id='word_1_102' title='bbox 920 1871 1095 1958; x_wconf 77' lang='grc' dir='ltr'><em>τρίμοιρον</em></span> <span class='ocrx_word' id='word_1_103' title='bbox 1116 1873 1249 1953; x_wconf 84' lang='grc' dir='ltr'><em>χλαῖναν</em></span> <span class='ocrx_word' id='word_1_104' title='bbox 1270 1864 1402 1958; x_wconf 77' lang='grc' dir='ltr'><strong><em>ἐξηύχει</em></strong></span> <span class='ocrx_word' id='word_1_105' title='bbox 1425 1865 1543 1956; x_wconf 74' lang='grc' dir='ltr'><em>λαβών.</em></span> 
     </span>
    </p>
   </div>
   <div class='ocr_carea' id='block_1_4' title="bbox 331 2010 2068 2430">
    <p class='ocr_par' dir='ltr' id='par_1_6' title="bbox 331 2010 2068 2322">
     <span class='ocr_line' id='line_1_14' title="bbox 431 2010 2068 2102; baseline 0.005 -24"><span class='ocrx_word' id='word_1_106' title='bbox 431 2016 521 2094; x_wconf 83' lang='lat' dir='ltr'>Quae</span> <span class='ocrx_word' id='word_1_107' title='bbox 542 2014 638 2078; x_wconf 88' lang='lat' dir='ltr'>verba</span> <span class='ocrx_word' id='word_1_108' title='bbox 657 2013 779 2079; x_wconf 85' lang='lat' dir='ltr'>frustra</span> <span class='ocrx_word' id='word_1_109' title='bbox 798 2014 844 2080; x_wconf 91' lang='lat' dir='ltr'>sic</span> <span class='ocrx_word' id='word_1_110' title='bbox 865 2014 1028 2095; x_wconf 81' lang='lat' dir='ltr'>explicare</span> <span class='ocrx_word' id='word_1_111' title='bbox 1048 2020 1193 2080; x_wconf 89' lang='lat' dir='ltr'>conatur:</span> <span class='ocrx_word' id='word_1_112' title='bbox 1213 2010 1257 2082; x_wconf 83' lang='lat' dir='ltr'>‘si</span> <span class='ocrx_word' id='word_1_113' title='bbox 1277 2017 1333 2081; x_wconf 90' lang='lat' dir='ltr'>ille</span> <span class='ocrx_word' id='word_1_114' title='bbox 1348 2019 1443 2084; x_wconf 88' lang='lat' dir='ltr'>toties</span> <span class='ocrx_word' id='word_1_115' title='bbox 1457 2020 1582 2101; x_wconf 89' lang='lat' dir='ltr'>quoties</span> <span class='ocrx_word' id='word_1_116' title='bbox 1596 2018 1760 2086; x_wconf 82' lang='lat' dir='ltr'>ferebatur</span> <span class='ocrx_word' id='word_1_117' title='bbox 1773 2021 1905 2102; x_wconf 90' lang='lat' dir='ltr'>periisse</span> <span class='ocrx_word' id='word_1_118' title='bbox 1919 2026 2068 2086; x_wconf 92' lang='lat' dir='ltr'>mortuus</span> 
     </span>
     <span class='ocr_line' id='line_1_15' title="bbox 331 2125 2067 2212; baseline 0.001 -17"><span class='ocrx_word' id='word_1_119' title='bbox 331 2135 426 2207; x_wconf 84' lang='lat' dir='ltr'>asset,</span> <span class='ocrx_word' id='word_1_120' title='bbox 448 2132 600 2208; x_wconf 89' lang='lat' dir='ltr'>tanquam</span> <span class='ocrx_word' id='word_1_121' title='bbox 621 2127 705 2190; x_wconf 91' lang='lat' dir='ltr'>alter</span> <span class='ocrx_word' id='word_1_122' title='bbox 726 2126 887 2208; x_wconf 86' lang='lat' dir='ltr'>Geryones</span> <span class='ocrx_word' id='word_1_123' title='bbox 916 2144 1011 2207; x_wconf 88' lang='lat' dir='ltr'>saepe</span> <span class='ocrx_word' id='word_1_124' title='bbox 1037 2125 1197 2208; x_wconf 84' lang='lat' dir='ltr'>triplicem</span> <span class='ocrx_word' id='word_1_125' title='bbox 1221 2128 1315 2193; x_wconf 85' lang='lat' dir='ltr'>rivus</span> <span class='ocrx_word' id='word_1_126' title='bbox 1336 2129 1437 2210; x_wconf 87' lang='lat' dir='ltr'>(absit</span> <span class='ocrx_word' id='word_1_127' title='bbox 1457 2130 1540 2194; x_wconf 90' lang='lat' dir='ltr'>enim</span> <span class='ocrx_word' id='word_1_128' title='bbox 1562 2136 1600 2195; x_wconf 93' lang='lat' dir='ltr'>ut</span> <span class='ocrx_word' id='word_1_129' title='bbox 1621 2136 1784 2196; x_wconf 92' lang='lat' dir='ltr'>mortuum</span> <span class='ocrx_word' id='word_1_130' title='bbox 1804 2132 1921 2212; x_wconf 87' lang='lat' dir='ltr'>dicam)</span> <span class='ocrx_word' id='word_1_131' title='bbox 1943 2138 2067 2197; x_wconf 78' lang='lat' dir='ltr'>restem</span> 
     </span>
     <span class='ocr_line' id='line_1_16' title="bbox 331 2232 1418 2322; baseline 0 -17"><span class='ocrx_word' id='word_1_132' title='bbox 331 2246 488 2305; x_wconf 81' lang='lat' dir='ltr'>terrenam</span> <span class='ocrx_word' id='word_1_133' title='bbox 511 2232 681 2303; x_wconf 88' lang='lat' dir='ltr'>induisset’.</span> <span class='ocrx_word' id='word_1_134' title='bbox 725 2238 880 2303; x_wconf 82' lang='lat' dir='ltr'>litteram</span> <span class='ocrx_word' id='word_1_135' title='bbox 902 2257 962 2302; x_wconf 96' lang='lat' dir='ltr'>non</span> <span class='ocrx_word' id='word_1_136' title='bbox 983 2239 1080 2303; x_wconf 86' lang='lat' dir='ltr'>addo:</span> <span class='ocrx_word' id='word_1_137' title='bbox 1103 2256 1159 2319; x_wconf 91' lang='lat' dir='ltr'>per</span> <span class='ocrx_word' id='word_1_138' title='bbox 1178 2258 1212 2305; x_wconf 89' lang='lat' dir='ltr'>se</span> <span class='ocrx_word' id='word_1_139' title='bbox 1233 2241 1418 2322; x_wconf 87' lang='lat' dir='ltr'>loquuntur.</span> 
     </span>
    </p>

    <p class='ocr_par' dir='ltr' id='par_1_7' title="bbox 431 2348 1113 2430">
     <span class='ocr_line' id='line_1_17' title="bbox 431 2348 1113 2430; baseline -0.004 -15"><span class='ocrx_word' id='word_1_140' title='bbox 431 2371 451 2416; x_wconf 86' lang='lat' dir='ltr'><strong>v</strong></span> <span class='ocrx_word' id='word_1_141' title='bbox 475 2355 554 2415; x_wconf 85' lang='grc'>1316</span> <span class='ocrx_word' id='word_1_142' title='bbox 576 2369 682 2415; x_wconf 92' lang='lat' dir='ltr'>meum</span> <span class='ocrx_word' id='word_1_143' title='bbox 704 2349 886 2430; x_wconf 82' lang='lat' dir='ltr'>exemplum</span> <span class='ocrx_word' id='word_1_144' title='bbox 908 2348 986 2415; x_wconf 90' lang='lat' dir='ltr'>haec</span> <span class='ocrx_word' id='word_1_145' title='bbox 1007 2348 1113 2425; x_wconf 81' lang='lat' dir='ltr'>habet,</span> 
     </span>
    </p>
   </div>
   <div class='ocr_carea' id='block_1_5' title="bbox 779 2475 1560 2687">
    <p class='ocr_par' dir='ltr' id='par_1_8' title="bbox 779 2475 1560 2687">
     <span class='ocr_line' id='line_1_18' title="bbox 780 2475 1560 2574; baseline 0.008 -27"><span class='ocrx_word' id='word_1_146' title='bbox 780 2481 972 2568; x_wconf 74' lang='grc' dir='ltr'><em>χρονίζομεν</em></span> <span class='ocrx_word' id='word_1_147' title='bbox 996 2478 1067 2570; x_wconf 73' lang='grc' dir='ltr'><em>γὰρ.</em></span> <span class='ocrx_word' id='word_1_148' title='bbox 1090 2485 1122 2550; x_wconf 84' lang='grc' dir='ltr'>οἱ</span> <span class='ocrx_word' id='word_1_149' title='bbox 1145 2485 1181 2549; x_wconf 87' lang='grc' dir='ltr'>δέ</span> <span class='ocrx_word' id='word_1_150' title='bbox 1203 2475 1400 2568; x_wconf 79' lang='grc' dir='ltr'><em>μελπόμενοι</em></span> <span class='ocrx_word' id='word_1_151' title='bbox 1418 2487 1446 2572; x_wconf 85' lang='grc' dir='ltr'>χ’</span> <span class='ocrx_word' id='word_1_152' title='bbox 1463 2480 1560 2574; x_wconf 77' lang='grc' dir='ltr'><em>Ἀρει</em></span> 
     </span>
     <span class='ocr_line' id='line_1_19' title="bbox 779 2587 1481 2687; baseline 0.001 -25"><span class='ocrx_word' id='word_1_153' title='bbox 779 2596 877 2662; x_wconf 89' lang='grc' dir='ltr'><em>πέδον</em></span> <span class='ocrx_word' id='word_1_154' title='bbox 899 2599 1077 2673; x_wconf 86' lang='grc' dir='ltr'><em>πατοῦντες</em></span> <span class='ocrx_word' id='word_1_155' title='bbox 1100 2591 1138 2663; x_wconf 86' lang='grc' dir='ltr'>ού</span> <span class='ocrx_word' id='word_1_156' title='bbox 1159 2587 1379 2666; x_wconf 72' lang='grc' dir='ltr'><em>καθεύδουσιν</em></span> <span class='ocrx_word' id='word_1_157' title='bbox 1400 2597 1481 2687; x_wconf 88' lang='grc' dir='ltr'><em>χερί.</em></span> 
     </span>
    </p>
   </div>
   <div class='ocr_carea' id='block_1_6' title="bbox 270 2728 2067 4371">
    <p class='ocr_par' dir='ltr' id='par_1_9' title="bbox 270 2728 2065 2923">
     <span class='ocr_line' id='line_1_20' title="bbox 433 2728 2065 2813; baseline -0.001 -19"><span class='ocrx_word' id='word_1_158' title='bbox 433 2729 645 2796; x_wconf 76' lang='lat' dir='ltr'>Attendamus</span> <span class='ocrx_word' id='word_1_159' title='bbox 666 2732 821 2812; x_wconf 87' lang='lat' dir='ltr'>quomodo</span> <span class='ocrx_word' id='word_1_160' title='bbox 843 2731 939 2794; x_wconf 81' lang='lat' dir='ltr'>rerba</span> <span class='ocrx_word' id='word_1_161' title='bbox 960 2732 1217 2798; x_wconf 87' lang='lat' dir='ltr'>luculentissima</span> <span class='ocrx_word' id='word_1_162' title='bbox 1237 2736 1295 2799; x_wconf 92' lang='lat' dir='ltr'>illa</span> <span class='ocrx_word' id='word_1_163' title='bbox 1316 2755 1356 2800; x_wconf 81' lang='lat' dir='ltr'>ex</span> <span class='ocrx_word' id='word_1_164' title='bbox 1368 2736 1504 2801; x_wconf 80' lang='lat' dir='ltr'>Homero</span> <span class='ocrx_word' id='word_1_165' title='bbox 1525 2734 1643 2799; x_wconf 88' lang='lat' dir='ltr'>hausta</span> <span class='ocrx_word' id='word_1_166' title='bbox 1658 2736 1787 2813; x_wconf 89' lang='lat' dir='ltr'>propter</span> <span class='ocrx_word' id='word_1_167' title='bbox 1800 2731 1912 2811; x_wconf 89' lang='lat' dir='ltr'>pedem</span> <span class='ocrx_word' id='word_1_168' title='bbox 1927 2728 2065 2793; x_wconf 83' lang='lat' dir='ltr'>inrisum</span> 
     </span>
     <span class='ocr_line' id='line_1_21' title="bbox 270 2839 899 2923; baseline -0.005 -16"><span class='ocrx_word' id='word_1_169' title='bbox 270 2878 277 2889; x_wconf 82' lang='lat'>=</span> <span class='ocrx_word' id='word_1_170' title='bbox 332 2847 483 2923; x_wconf 89' lang='lat' dir='ltr'>oorrnpta</span> <span class='ocrx_word' id='word_1_171' title='bbox 504 2842 578 2907; x_wconf 90' lang='lat' dir='ltr'>sint.</span> <span class='ocrx_word' id='word_1_172' title='bbox 621 2839 737 2906; x_wconf 86' lang='lat' dir='ltr'>Canter</span> <span class='ocrx_word' id='word_1_173' title='bbox 759 2842 899 2922; x_wconf 81' lang='lat' dir='ltr'>praebet,</span> 
     </span>
    </p>

    <p class='ocr_par' dir='ltr' id='par_1_10' title="bbox 780 2942 1501 3038">
     <span class='ocr_line' id='line_1_22' title="bbox 780 2942 1501 3038; baseline 0.006 -25"><span class='ocrx_word' id='word_1_174' title='bbox 780 2948 973 3034; x_wconf 77' lang='grc' dir='ltr'><em>χρονίζομεν</em></span> <span class='ocrx_word' id='word_1_175' title='bbox 997 2942 1068 3035; x_wconf 74' lang='grc' dir='ltr'><em>γὰρ.</em></span> <span class='ocrx_word' id='word_1_176' title='bbox 1091 2950 1123 3016; x_wconf 83' lang='grc' dir='ltr'>οἱ</span> <span class='ocrx_word' id='word_1_177' title='bbox 1145 2952 1180 3017; x_wconf 84' lang='grc' dir='ltr'>δὲ</span> <span class='ocrx_word' id='word_1_178' title='bbox 1202 2943 1387 3038; x_wconf 73' lang='grc' dir='ltr'><em>μελλούσης</em></span> <span class='ocrx_word' id='word_1_179' title='bbox 1409 2952 1501 3026; x_wconf 81' lang='grc' dir='ltr'><em>κλέος</em></span> 
     </span>
    </p>

    <p class='ocr_par' dir='ltr' id='par_1_11' title="bbox 431 3046 2061 3150">
     <span class='ocr_line' id='line_1_23' title="bbox 431 3046 2061 3150; baseline 0.006 -25"><span class='ocrx_word' id='word_1_180' title='bbox 431 3062 527 3130; x_wconf 89' lang='lat' dir='ltr'>Vides</span> <span class='ocrx_word' id='word_1_181' title='bbox 542 3072 748 3146; x_wconf 87' lang='lat' dir='ltr'>anapaestum</span> <span class='ocrx_word' id='word_1_182' title='bbox 764 3067 891 3148; x_wconf 83' lang='lat' dir='ltr'>quidem</span> <span class='ocrx_word' id='word_1_183' title='bbox 906 3066 1087 3148; x_wconf 86' lang='lat' dir='ltr'>emigrasse,</span> <span class='ocrx_word' id='word_1_184' title='bbox 1103 3069 1159 3132; x_wconf 89' lang='lat' dir='ltr'>sed</span> <span class='ocrx_word' id='word_1_185' title='bbox 1174 3087 1384 3133; x_wconf 89' lang='lat' dir='ltr'>unasensum.</span> <span class='ocrx_word' id='word_1_186' title='bbox 1407 3067 1606 3150; x_wconf 88' lang='lat' dir='ltr'>Quamquam</span> <span class='ocrx_word' id='word_1_187' title='bbox 1616 3068 1777 3149; x_wconf 84' lang='lat' dir='ltr'>glossator</span> <span class='ocrx_word' id='word_1_188' title='bbox 1788 3065 1872 3130; x_wconf 92' lang='lat' dir='ltr'>illud</span> <span class='ocrx_word' id='word_1_189' title='bbox 1881 3046 2061 3145; x_wconf 70' lang='grc' dir='ltr'><em>μελλούσης</em></span> 
     </span>
    </p>

    <p class='ocr_par' dir='ltr' id='par_1_12' title="bbox 330 3161 2067 4146">
     <span class='ocr_line' id='line_1_24' title="bbox 330 3161 2064 3261; baseline 0.002 -23"><span class='ocrx_word' id='word_1_190' title='bbox 330 3176 492 3256; x_wconf 83' lang='lat' dir='ltr'>explicare</span> <span class='ocrx_word' id='word_1_191' title='bbox 512 3178 623 3241; x_wconf 89' lang='lat' dir='ltr'>studet</span> <span class='ocrx_word' id='word_1_192' title='bbox 644 3174 834 3260; x_wconf 78' lang='grc' dir='ltr'><em>τυραννίδος</em></span> <span class='ocrx_word' id='word_1_193' title='bbox 856 3161 1017 3261; x_wconf 65' lang='grc' dir='ltr'><em>δηλονότι.</em></span> <span class='ocrx_word' id='word_1_194' title='bbox 1059 3176 1209 3244; x_wconf 84' lang='lat' dir='ltr'>Ceterum</span> <span class='ocrx_word' id='word_1_195' title='bbox 1234 3198 1334 3261; x_wconf 90' lang='lat' dir='ltr'>quum</span> <span class='ocrx_word' id='word_1_196' title='bbox 1362 3185 1512 3260; x_wconf 89' lang='lat' dir='ltr'>corrupta</span> <span class='ocrx_word' id='word_1_197' title='bbox 1537 3181 1637 3244; x_wconf 93' lang='lat' dir='ltr'>semel</span> <span class='ocrx_word' id='word_1_198' title='bbox 1665 3196 1740 3242; x_wconf 86' lang='lat' dir='ltr'>voce</span> <span class='ocrx_word' id='word_1_199' title='bbox 1759 3163 1959 3258; x_wconf 79' lang='grc' dir='ltr'><em>μελπόμενοι</em></span> <span class='ocrx_word' id='word_1_200' title='bbox 1981 3178 2064 3242; x_wconf 92' lang='lat' dir='ltr'>illud</span> 
     </span>
     <span class='ocr_line' id='line_1_25' title="bbox 332 3273 2066 3379; baseline 0.003 -29"><span class='ocrx_word' id='word_1_201' title='bbox 332 3275 360 3369; x_wconf 84' lang='lat' dir='ltr'>y’</span> <span class='ocrx_word' id='word_1_202' title='bbox 391 3273 485 3370; x_wconf 84' lang='grc' dir='ltr'><em>Ἀρει</em></span> <span class='ocrx_word' id='word_1_203' title='bbox 515 3289 598 3354; x_wconf 92' lang='lat' dir='ltr'>nulli</span> <span class='ocrx_word' id='word_1_204' title='bbox 630 3292 706 3355; x_wconf 92' lang='lat' dir='ltr'>usui</span> <span class='ocrx_word' id='word_1_205' title='bbox 735 3309 805 3357; x_wconf 91' lang='lat' dir='ltr'>esse</span> <span class='ocrx_word' id='word_1_206' title='bbox 831 3298 948 3379; x_wconf 78' lang='lat' dir='ltr'>posset,</span> <span class='ocrx_word' id='word_1_207' title='bbox 981 3291 1134 3356; x_wconf 88' lang='lat' dir='ltr'>miramur</span> <span class='ocrx_word' id='word_1_208' title='bbox 1159 3296 1265 3355; x_wconf 91' lang='lat' dir='ltr'>tamen</span> <span class='ocrx_word' id='word_1_209' title='bbox 1298 3309 1403 3356; x_wconf 86' lang='lat' dir='ltr'>omnes</span> <span class='ocrx_word' id='word_1_210' title='bbox 1431 3291 1529 3355; x_wconf 92' lang='lat' dir='ltr'>libros</span> <span class='ocrx_word' id='word_1_211' title='bbox 1557 3293 1683 3357; x_wconf 88' lang='lat' dir='ltr'>tradere</span> <span class='ocrx_word' id='word_1_212' title='bbox 1712 3286 1804 3361; x_wconf 82' lang='grc' dir='ltr'><em>κλέος</em></span> <span class='ocrx_word' id='word_1_213' title='bbox 1829 3291 1915 3371; x_wconf 83' lang='lat' dir='ltr'>quod</span> <span class='ocrx_word' id='word_1_214' title='bbox 1947 3291 2066 3356; x_wconf 90' lang='lat' dir='ltr'>mirum</span> 
     </span>
     <span class='ocr_line' id='line_1_26' title="bbox 331 3400 2066 3483; baseline 0.002 -20"><span class='ocrx_word' id='word_1_215' title='bbox 331 3406 489 3482; x_wconf 90' lang='lat' dir='ltr'>qnantum</span> <span class='ocrx_word' id='word_1_216' title='bbox 510 3401 551 3465; x_wconf 91' lang='lat' dir='ltr'>ab</span> <span class='ocrx_word' id='word_1_217' title='bbox 573 3401 632 3465; x_wconf 92' lang='lat' dir='ltr'>illa</span> <span class='ocrx_word' id='word_1_218' title='bbox 652 3401 813 3483; x_wconf 90' lang='lat' dir='ltr'>scriptura</span> <span class='ocrx_word' id='word_1_219' title='bbox 841 3403 1009 3483; x_wconf 86' lang='lat' dir='ltr'>discrepat.</span> <span class='ocrx_word' id='word_1_220' title='bbox 1053 3402 1172 3466; x_wconf 85' lang='lat' dir='ltr'>Verum</span> <span class='ocrx_word' id='word_1_221' title='bbox 1200 3402 1282 3465; x_wconf 91' lang='lat' dir='ltr'>bona</span> <span class='ocrx_word' id='word_1_222' title='bbox 1308 3400 1437 3465; x_wconf 83' lang='lat' dir='ltr'>fortuna</span> <span class='ocrx_word' id='word_1_223' title='bbox 1464 3402 1600 3482; x_wconf 79' lang='lat' dir='ltr'>vestigia</span> <span class='ocrx_word' id='word_1_224' title='bbox 1625 3403 1780 3482; x_wconf 91' lang='lat' dir='ltr'>quaedam</span> <span class='ocrx_word' id='word_1_225' title='bbox 1808 3400 1894 3465; x_wconf 90' lang='lat' dir='ltr'>alius</span> <span class='ocrx_word' id='word_1_226' title='bbox 1924 3400 2066 3466; x_wconf 88' lang='lat' dir='ltr'>lectionis</span> 
     </span>
     <span class='ocr_line' id='line_1_27' title="bbox 331 3501 2067 3594; baseline -0.001 -18"><span class='ocrx_word' id='word_1_227' title='bbox 331 3516 472 3576; x_wconf 83' lang='lat' dir='ltr'>aetatem</span> <span class='ocrx_word' id='word_1_228' title='bbox 494 3512 648 3587; x_wconf 84' lang='lat' dir='ltr'>tulerunt,</span> <span class='ocrx_word' id='word_1_229' title='bbox 671 3531 753 3594; x_wconf 86' lang='lat' dir='ltr'>quac</span> <span class='ocrx_word' id='word_1_230' title='bbox 774 3513 916 3593; x_wconf 82' lang='lat' dir='ltr'>proxime</span> <span class='ocrx_word' id='word_1_231' title='bbox 936 3513 977 3577; x_wconf 91' lang='lat' dir='ltr'>ad</span> <span class='ocrx_word' id='word_1_232' title='bbox 1000 3501 1026 3593; x_wconf 84' lang='lat' dir='ltr'>y&#39;</span> <span class='ocrx_word' id='word_1_233' title='bbox 1042 3501 1141 3593; x_wconf 73' lang='lat' dir='ltr'>”Apa</span> <span class='ocrx_word' id='word_1_234' title='bbox 1163 3513 1295 3588; x_wconf 89' lang='lat' dir='ltr'>accedit,</span> <span class='ocrx_word' id='word_1_235' title='bbox 1319 3518 1352 3575; x_wconf 90' lang='lat' dir='ltr'>et</span> <span class='ocrx_word' id='word_1_236' title='bbox 1372 3515 1458 3593; x_wconf 91' lang='lat' dir='ltr'>apud</span> <span class='ocrx_word' id='word_1_237' title='bbox 1479 3510 1678 3593; x_wconf 87' lang='lat' dir='ltr'>Tryphonem</span> <span class='ocrx_word' id='word_1_238' title='bbox 1699 3512 1753 3593; x_wconf 91' lang='lat' dir='ltr'>qui</span> <span class='ocrx_word' id='word_1_239' title='bbox 1776 3511 1855 3576; x_wconf 87' lang='lat' dir='ltr'>haee</span> <span class='ocrx_word' id='word_1_240' title='bbox 1868 3511 2014 3592; x_wconf 90' lang='lat' dir='ltr'>proponit</span> <span class='ocrx_word' id='word_1_241' title='bbox 2029 3517 2067 3577; x_wconf 93' lang='lat' dir='ltr'>ut</span> 
     </span>
     <span class='ocr_line' id='line_1_28' title="bbox 331 3610 2065 3708; baseline -0.002 -22"><span class='ocrx_word' id='word_1_242' title='bbox 331 3640 371 3687; x_wconf 86' lang='lat' dir='ltr'>ex</span> <span class='ocrx_word' id='word_1_243' title='bbox 394 3621 531 3702; x_wconf 81' lang='lat' dir='ltr'>Asohylo</span> <span class='ocrx_word' id='word_1_244' title='bbox 552 3628 660 3688; x_wconf 87' lang='lat' dir='ltr'>sumta</span> <span class='ocrx_word' id='word_1_245' title='bbox 679 3619 871 3705; x_wconf 86' lang='grc' dir='ltr'><em>χρονίζομεν</em></span> <span class='ocrx_word' id='word_1_246' title='bbox 892 3610 958 3687; x_wconf 78' lang='grc' dir='ltr'>ὦδε</span> <span class='ocrx_word' id='word_1_247' title='bbox 990 3623 1050 3708; x_wconf 79' lang='grc' dir='ltr'><em>τῆς</em></span> <span class='ocrx_word' id='word_1_248' title='bbox 1071 3621 1209 3705; x_wconf 83' lang='grc' dir='ltr'><em>μελλοῦς</em></span> <span class='ocrx_word' id='word_1_249' title='bbox 1230 3611 1335 3704; x_wconf 74' lang='grc' dir='ltr'><em>χάριν,</em></span> <span class='ocrx_word' id='word_1_250' title='bbox 1362 3629 1394 3688; x_wconf 90' lang='lat' dir='ltr'>et</span> <span class='ocrx_word' id='word_1_251' title='bbox 1422 3623 1508 3702; x_wconf 87' lang='lat' dir='ltr'>apud</span> <span class='ocrx_word' id='word_1_252' title='bbox 1536 3621 1717 3686; x_wconf 80' lang='lat' dir='ltr'>Manuelem</span> <span class='ocrx_word' id='word_1_253' title='bbox 1747 3619 1989 3703; x_wconf 83' lang='lat' dir='ltr'>Moschopolum</span> <span class='ocrx_word' id='word_1_254' title='bbox 2009 3621 2065 3703; x_wconf 86' lang='lat' dir='ltr'>qui</span> 
     </span>
     <span class='ocr_line' id='line_1_29' title="bbox 331 3721 2063 3820; baseline -0.001 -22"><span class='ocrx_word' id='word_1_255' title='bbox 331 3731 429 3798; x_wconf 89' lang='lat' dir='ltr'>habet</span> <span class='ocrx_word' id='word_1_256' title='bbox 449 3730 641 3817; x_wconf 82' lang='grc' dir='ltr'><em>χρονίζομεν</em></span> <span class='ocrx_word' id='word_1_257' title='bbox 661 3721 724 3798; x_wconf 80' lang='grc' dir='ltr'>ὦδε</span> <span class='ocrx_word' id='word_1_258' title='bbox 746 3735 805 3818; x_wconf 74' lang='grc' dir='ltr'><em>τῆς</em></span> <span class='ocrx_word' id='word_1_259' title='bbox 824 3734 965 3816; x_wconf 82' lang='grc' dir='ltr'><em>μελλοῦς</em></span> <span class='ocrx_word' id='word_1_260' title='bbox 985 3727 1088 3820; x_wconf 78' lang='grc' dir='ltr'><em>χάριν.</em></span> <span class='ocrx_word' id='word_1_261' title='bbox 1132 3737 1285 3803; x_wconf 91' lang='lat' dir='ltr'>Videmus</span> <span class='ocrx_word' id='word_1_262' title='bbox 1306 3734 1407 3817; x_wconf 85' lang='lat' dir='ltr'>igitur</span> <span class='ocrx_word' id='word_1_263' title='bbox 1426 3733 1485 3798; x_wconf 90' lang='lat' dir='ltr'>hos</span> <span class='ocrx_word' id='word_1_264' title='bbox 1508 3732 1593 3797; x_wconf 81' lang='lat' dir='ltr'>viros</span> <span class='ocrx_word' id='word_1_265' title='bbox 1614 3737 1764 3812; x_wconf 88' lang='lat' dir='ltr'>corrupta</span> <span class='ocrx_word' id='word_1_266' title='bbox 1792 3733 1856 3797; x_wconf 87' lang='lat' dir='ltr'>iam</span> <span class='ocrx_word' id='word_1_267' title='bbox 1883 3750 1959 3799; x_wconf 86' lang='lat' dir='ltr'>voce</span> <span class='ocrx_word' id='word_1_268' title='bbox 1979 3726 2063 3807; x_wconf 80' lang='grc' dir='ltr'><em>μελ-</em></span> 
     </span>
     <span class='ocr_line' id='line_1_30' title="bbox 331 3829 2060 3932; baseline -0.005 -24"><span class='ocrx_word' id='word_1_269' title='bbox 331 3829 470 3925; x_wconf 82' lang='grc' dir='ltr'><em>πόμενοι</em></span> <span class='ocrx_word' id='word_1_270' title='bbox 493 3848 525 3912; x_wconf 90' lang='lat' dir='ltr'>in</span> <span class='ocrx_word' id='word_1_271' title='bbox 546 3849 637 3914; x_wconf 89' lang='lat' dir='ltr'>libris</span> <span class='ocrx_word' id='word_1_272' title='bbox 657 3850 727 3914; x_wconf 92' lang='lat' dir='ltr'>suis</span> <span class='ocrx_word' id='word_1_273' title='bbox 748 3849 866 3931; x_wconf 86' lang='lat' dir='ltr'>legisse</span> <span class='ocrx_word' id='word_1_274' title='bbox 886 3838 992 3932; x_wconf 76' lang='grc' dir='ltr'><em>χάριν,</em></span> <span class='ocrx_word' id='word_1_275' title='bbox 1012 3851 1096 3932; x_wconf 90' lang='lat' dir='ltr'>quod</span> <span class='ocrx_word' id='word_1_276' title='bbox 1117 3850 1261 3930; x_wconf 82' lang='lat' dir='ltr'>proxime</span> <span class='ocrx_word' id='word_1_277' title='bbox 1282 3847 1322 3913; x_wconf 91' lang='lat' dir='ltr'>ad</span> <span class='ocrx_word' id='word_1_278' title='bbox 1344 3832 1372 3928; x_wconf 79' lang='grc' dir='ltr'>χ’</span> <span class='ocrx_word' id='word_1_279' title='bbox 1390 3836 1488 3926; x_wconf 77' lang='lat' dir='ltr'>“Apa</span> <span class='ocrx_word' id='word_1_280' title='bbox 1502 3843 1695 3925; x_wconf 87' lang='lat' dir='ltr'>scripturam</span> <span class='ocrx_word' id='word_1_281' title='bbox 1709 3844 1857 3909; x_wconf 87' lang='lat' dir='ltr'>accedere</span> <span class='ocrx_word' id='word_1_282' title='bbox 1872 3843 1948 3911; x_wconf 84' lang='lat' dir='ltr'>dixi,</span> <span class='ocrx_word' id='word_1_283' title='bbox 1971 3853 2060 3915; x_wconf 82' lang='lat' dir='ltr'>prae</span> 
     </span>
     <span class='ocr_line' id='line_1_31' title="bbox 330 3960 1037 4043; baseline -0.001 -18"><span class='ocrx_word' id='word_1_284' title='bbox 330 3961 442 4026; x_wconf 88' lang='lat' dir='ltr'>sertim</span> <span class='ocrx_word' id='word_1_285' title='bbox 463 3962 492 4025; x_wconf 94' lang='lat' dir='ltr'>si</span> <span class='ocrx_word' id='word_1_286' title='bbox 512 3961 706 4027; x_wconf 90' lang='lat' dir='ltr'>maiusculas</span> <span class='ocrx_word' id='word_1_287' title='bbox 727 3960 855 4026; x_wconf 90' lang='lat' dir='ltr'>litteras</span> <span class='ocrx_word' id='word_1_288' title='bbox 881 3960 1037 4043; x_wconf 85' lang='lat' dir='ltr'>fingimus.</span> 
     </span>
     <span class='ocr_line' id='line_1_32' title="bbox 332 4069 621 4146; baseline 0 -12"><span class='ocrx_word' id='word_1_289' title='bbox 332 4069 493 4136; x_wconf 87' lang='lat' dir='ltr'>Hermann</span> <span class='ocrx_word' id='word_1_290' title='bbox 514 4070 621 4146; x_wconf 84' lang='lat' dir='ltr'>habet,</span> 
     </span>
    </p>

    <p class='ocr_par' dir='ltr' id='par_1_13' title="bbox 778 4171 1529 4266">
     <span class='ocr_line' id='line_1_33' title="bbox 778 4171 1529 4266; baseline -0.003 -22"><span class='ocrx_word' id='word_1_291' title='bbox 778 4179 971 4264; x_wconf 86' lang='grc' dir='ltr'><em>χρονίζομεν</em></span> <span class='ocrx_word' id='word_1_292' title='bbox 993 4171 1063 4266; x_wconf 78' lang='grc' dir='ltr'><em>χείρ.</em></span> <span class='ocrx_word' id='word_1_293' title='bbox 1086 4179 1118 4244; x_wconf 87' lang='grc' dir='ltr'>οί</span> <span class='ocrx_word' id='word_1_294' title='bbox 1138 4177 1175 4243; x_wconf 86' lang='grc' dir='ltr'>δέ</span> <span class='ocrx_word' id='word_1_295' title='bbox 1198 4179 1257 4264; x_wconf 81' lang='grc' dir='ltr'><em>τῆς</em></span> <span class='ocrx_word' id='word_1_296' title='bbox 1276 4178 1415 4262; x_wconf 77' lang='grc' dir='ltr'><em>μελλοῦς</em></span> <span class='ocrx_word' id='word_1_297' title='bbox 1437 4177 1529 4250; x_wconf 86' lang='grc' dir='ltr'><em>κλέος</em></span> 
     </span>
    </p>

    <p class='ocr_par' dir='ltr' id='par_1_14' title="bbox 779 4281 1477 4371">
     <span class='ocr_line' id='line_1_34' title="bbox 779 4281 1477 4371; baseline -0.009 -14"><span class='ocrx_word' id='word_1_298' title='bbox 779 4291 876 4357; x_wconf 88' lang='grc' dir='ltr'><em>πέδον</em></span> <span class='ocrx_word' id='word_1_299' title='bbox 896 4293 1076 4367; x_wconf 80' lang='grc' dir='ltr'><em>πατοῦντες</em></span> <span class='ocrx_word' id='word_1_300' title='bbox 1099 4285 1136 4356; x_wconf 69' lang='lat' dir='ltr'>oi</span> <span class='ocrx_word' id='word_1_301' title='bbox 1159 4281 1377 4356; x_wconf 69' lang='grc' dir='ltr'><em>καθεύδουσιν</em></span> <span class='ocrx_word' id='word_1_302' title='bbox 1398 4286 1477 4371; x_wconf 80' lang='grc' dir='ltr'><em>χερί</em></span> 
     </span>
    </p>
   </div>
   <div class='ocr_carea' id='block_1_7' title="bbox 331 4417 2066 4955">
    <p class='ocr_par' dir='ltr' id='par_1_15' title="bbox 331 4417 2065 4736">
     <span class='ocr_line' id='line_1_35' title="bbox 431 4417 2065 4516; baseline -0.008 -25"><span class='ocrx_word' id='word_1_303' title='bbox 431 4427 480 4492; x_wconf 90' lang='lat' dir='ltr'>De</span> <span class='ocrx_word' id='word_1_304' title='bbox 501 4429 657 4495; x_wconf 87' lang='lat' dir='ltr'>vocabulo</span> <span class='ocrx_word' id='word_1_305' title='bbox 676 4430 823 4510; x_wconf 75' lang='grc' dir='ltr'><em>μελλοῦς,</em></span> <span class='ocrx_word' id='word_1_306' title='bbox 853 4437 937 4516; x_wconf 84' lang='lat' dir='ltr'>qnod</span> <span class='ocrx_word' id='word_1_307' title='bbox 959 4435 1175 4499; x_wconf 90' lang='lat' dir='ltr'>Hermannum</span> <span class='ocrx_word' id='word_1_308' title='bbox 1202 4432 1340 4496; x_wconf 81' lang='lat' dir='ltr'>vidimus</span> <span class='ocrx_word' id='word_1_309' title='bbox 1368 4427 1584 4511; x_wconf 83' lang='lat' dir='ltr'>grammaticis</span> <span class='ocrx_word' id='word_1_310' title='bbox 1606 4424 1728 4495; x_wconf 85' lang='lat' dir='ltr'>debere,</span> <span class='ocrx_word' id='word_1_311' title='bbox 1757 4420 1906 4499; x_wconf 85' lang='lat' dir='ltr'>Hartnng</span> <span class='ocrx_word' id='word_1_312' title='bbox 1928 4417 1974 4482; x_wconf 91' lang='lat' dir='ltr'>ita</span> <span class='ocrx_word' id='word_1_313' title='bbox 1994 4433 2065 4496; x_wconf 80' lang='lat' dir='ltr'>pro</span> 
     </span>
     <span class='ocr_line' id='line_1_36' title="bbox 331 4521 2065 4623; baseline -0.001 -19"><span class='ocrx_word' id='word_1_314' title='bbox 331 4539 491 4623; x_wconf 88' lang='lat' dir='ltr'>loquitur:</span> <span class='ocrx_word' id='word_1_315' title='bbox 512 4532 583 4606; x_wconf 85' lang='lat' dir='ltr'>&#39;Ein</span> <span class='ocrx_word' id='word_1_316' title='bbox 603 4540 842 4611; x_wconf 83' lang='lat' dir='ltr'>Grammatilrer</span> <span class='ocrx_word' id='word_1_317' title='bbox 861 4544 959 4611; x_wconf 82' lang='lat' dir='ltr'>faselt</span> <span class='ocrx_word' id='word_1_318' title='bbox 978 4545 1049 4610; x_wconf 76' lang='lat' dir='ltr'>nim</span> <span class='ocrx_word' id='word_1_319' title='bbox 1069 4549 1168 4608; x_wconf 85' lang='lat' dir='ltr'>etwas</span> <span class='ocrx_word' id='word_1_320' title='bbox 1189 4560 1251 4607; x_wconf 86' lang='lat' dir='ltr'>ron</span> <span class='ocrx_word' id='word_1_321' title='bbox 1271 4540 1373 4606; x_wconf 88' lang='lat' dir='ltr'>einem</span> <span class='ocrx_word' id='word_1_322' title='bbox 1394 4541 1515 4606; x_wconf 83' lang='lat' dir='ltr'>Nomen</span> <span class='ocrx_word' id='word_1_323' title='bbox 1533 4521 1642 4617; x_wconf 85' lang='grc' dir='ltr'><em>μελλιί</em></span> <span class='ocrx_word' id='word_1_324' title='bbox 1659 4554 1694 4585; x_wconf 89' lang='grc'>-·</span> <span class='ocrx_word' id='word_1_325' title='bbox 1711 4526 1883 4616; x_wconf 56' lang='lat' dir='ltr'>plamone&amp;</span> <span class='ocrx_word' id='word_1_326' title='bbox 1917 4525 2065 4593; x_wconf 61' lang='lat' dir='ltr'>Celerum</span> 
     </span>
     <span class='ocr_line' id='line_1_37' title="bbox 331 4641 1748 4736; baseline -0.004 -20"><span class='ocrx_word' id='word_1_327' title='bbox 331 4646 431 4716; x_wconf 74' lang='lat' dir='ltr'>aldor</span> <span class='ocrx_word' id='word_1_328' title='bbox 450 4649 634 4724; x_wconf 79' lang='grc' dir='ltr'><em>πατοῦντες</em></span> <span class='ocrx_word' id='word_1_329' title='bbox 654 4654 774 4735; x_wconf 88' lang='lat' dir='ltr'>optime</span> <span class='ocrx_word' id='word_1_330' title='bbox 795 4674 867 4721; x_wconf 94' lang='lat' dir='ltr'>cum</span> <span class='ocrx_word' id='word_1_331' title='bbox 886 4656 1023 4721; x_wconf 88' lang='lat' dir='ltr'>lectione</span> <span class='ocrx_word' id='word_1_332' title='bbox 1044 4641 1246 4734; x_wconf 82' lang='grc' dir='ltr'><em>μελπόμενοι</em></span> <span class='ocrx_word' id='word_1_333' title='bbox 1266 4670 1437 4736; x_wconf 85' lang='lat' dir='ltr'>congruere</span> <span class='ocrx_word' id='word_1_334' title='bbox 1457 4670 1548 4717; x_wconf 93' lang='lat' dir='ltr'>nemo</span> <span class='ocrx_word' id='word_1_335' title='bbox 1568 4668 1630 4716; x_wconf 95' lang='lat' dir='ltr'>non</span> <span class='ocrx_word' id='word_1_336' title='bbox 1651 4649 1748 4714; x_wconf 86' lang='lat' dir='ltr'>videt.</span> 
     </span>
    </p>

    <p class='ocr_par' dir='ltr' id='par_1_16' title="bbox 331 4755 2066 4955">
     <span class='ocr_line' id='line_1_38' title="bbox 432 4755 2066 4847; baseline -0.006 -19"><span class='ocrx_word' id='word_1_337' title='bbox 432 4764 525 4828; x_wconf 88' lang='lat' dir='ltr'>Eum.</span> <span class='ocrx_word' id='word_1_338' title='bbox 547 4782 568 4827; x_wconf 89' lang='grc' dir='ltr'>ν</span> <span class='ocrx_word' id='word_1_339' title='bbox 588 4769 629 4830; x_wconf 88' lang='lat'>88</span> <span class='ocrx_word' id='word_1_340' title='bbox 651 4764 707 4846; x_wconf 90' lang='lat' dir='ltr'>qui</span> <span class='ocrx_word' id='word_1_341' title='bbox 728 4766 882 4847; x_wconf 86' lang='lat' dir='ltr'>leguntur</span> <span class='ocrx_word' id='word_1_342' title='bbox 902 4765 1008 4832; x_wconf 91' lang='lat' dir='ltr'>adhuc</span> <span class='ocrx_word' id='word_1_343' title='bbox 1028 4767 1091 4832; x_wconf 93' lang='lat' dir='ltr'>duo</span> <span class='ocrx_word' id='word_1_344' title='bbox 1113 4782 1235 4841; x_wconf 84' lang='lat' dir='ltr'>versus,</span> <span class='ocrx_word' id='word_1_345' title='bbox 1257 4780 1311 4827; x_wconf 90' lang='lat' dir='ltr'>eos</span> <span class='ocrx_word' id='word_1_346' title='bbox 1330 4760 1421 4828; x_wconf 85' lang='lat' dir='ltr'>foede</span> <span class='ocrx_word' id='word_1_347' title='bbox 1442 4766 1608 4843; x_wconf 87' lang='lat' dir='ltr'>corruptos</span> <span class='ocrx_word' id='word_1_348' title='bbox 1630 4776 1701 4826; x_wconf 89' lang='lat' dir='ltr'>esse</span> <span class='ocrx_word' id='word_1_349' title='bbox 1715 4761 1844 4838; x_wconf 88' lang='lat' dir='ltr'>propter</span> <span class='ocrx_word' id='word_1_350' title='bbox 1858 4755 2066 4833; x_wconf 80' lang='lat' dir='ltr'>anapaestum</span> 
     </span>
     <span class='ocr_line' id='line_1_39' title="bbox 331 4876 677 4955; baseline 0.003 -17"><span class='ocrx_word' id='word_1_351' title='bbox 331 4891 389 4955; x_wconf 90' lang='lat' dir='ltr'>pro</span> <span class='ocrx_word' id='word_1_352' title='bbox 409 4879 495 4939; x_wconf 85' lang='lat' dir='ltr'>certo</span> <span class='ocrx_word' id='word_1_353' title='bbox 515 4876 677 4941; x_wconf 88' lang='lat' dir='ltr'>contendo.</span> 
     </span>
    </p>
   </div>
   <div class='ocr_carea' id='block_1_8' title="bbox 0 0 2262 5558">
    <p class='ocr_par' dir='ltr' id='par_1_17' title="bbox 0 0 2262 5558">
     <span class='ocr_line' id='line_1_40' title="bbox 0 0 2262 5558; baseline 0 0"><span class='ocrx_word' id='word_1_354' title='bbox 0 0 2262 5558; x_wconf 95' lang='lat' dir='ltr'> </span> 
     </span>
    </p>
   </div>
  </div>
 </body>
</html>
