4516 5558
1002 440 1243 515 ..11-

258 650 374 719 centies
394 647 481 728 apud
503 645 686 710 Homerum.
731 642 838 720 Quid?
870 659 969 707 nonne
997 641 1106 720 plures
1132 637 1205 705 inde
1233 645 1418 720 anapaestos
1447 641 1533 722 apud
1562 641 1756 723 Aeschylum
1778 644 1883 709 subito
1904 646 1991 711 nasci

256 764 344 827 recta
364 756 616 840 pronuntiatione
636 753 797 820 efficitur?
829 751 927 832 Supp.
950 768 969 813 v
991 753 1052 814 603
1074 734 1201 820 πόλεως
1228 747 1269 814 sit
1298 764 1397 813 unum
1426 750 1609 830 exemplum
1639 768 1694 831 pro
1720 752 1875 832 plurimis.
1920 756 1992 834 Qua

256 873 395 946 tandem,
418 870 518 944 sodes
540 865 724 932 necessitate
745 868 871 929 coactus
894 863 924 926 in
946 861 1067 927 talibus
1090 860 1231 927 sensibus
1252 859 1421 926 recitandis
1442 860 1598 942 syniaesin
1618 862 1771 929 adhibes?
1794 865 1990 947 Respondes:

259 984 300 1048 ad
321 984 528 1062 anapaestum
550 978 742 1042 evitandum.
787 975 877 1039 Heus
898 978 945 1051 tu,
975 974 1018 1039 dii
1048 973 1177 1038 meliust
1211 972 1368 1054 Equidem
1390 971 1551 1051 putabam.
1575 971 1658 1037 hunc
1679 973 1833 1052 opinionis
1854 995 1990 1043 errorem

261 1093 320 1158 tibi
340 1091 466 1173 penitus
488 1107 558 1154 esse
578 1092 752 1155 extorsum.
796 1085 934 1149 Tantum
963 1082 1065 1148 abfuit
1086 1083 1262 1164 Aeschylus
1289 1087 1372 1147 certe
1397 1086 1434 1146 nt
1460 1082 1644 1147 abhorreret
1665 1084 1705 1148 ab
1733 1085 1801 1162 illo,
1835 1092 1873 1151 ut
1893 1089 1991 1154 etiarn

260 1205 430 1270 adamaret.

359 1313 410 1378 Sic
433 1310 601 1376 meministi
623 1314 655 1373 tc
678 1326 785 1374 vocem
806 1301 869 1377 ἕως
889 1307 1017 1387 saepius
1038 1307 1123 1385 apud
1144 1303 1319 1368 Homerum
1339 1302 1445 1384 legere
1465 1319 1522 1383 per
1542 1303 1706 1384 synizesin,
1729 1305 1824 1388 idque
1845 1315 1992 1375 coactum

260 1426 343 1491 sicut
362 1425 466 1505 plura.
510 1422 601 1487 Hanc
629 1437 754 1502 quoque
781 1417 841 1483 viri
870 1417 951 1483 docti
980 1415 1141 1497 anapaesti
1169 1414 1292 1479 vitandi
1312 1412 1418 1495 gratia
1439 1414 1470 1478 in
1492 1401 1537 1485 ὥς
1559 1416 1736 1483 mutilando
1757 1424 1991 1486 converterunt.

260 1536 339 1614 Quis
361 1535 488 1599 tandem
509 1533 568 1599 sibi
590 1531 789 1612 persuadeat,
817 1529 955 1596 Graecos
977 1517 1021 1599 ὥς
1043 1535 1076 1593 et
1096 1522 1159 1598 ἕως
1181 1525 1368 1591 diversitate
1395 1525 1527 1590 notionis
1555 1528 1701 1608 neglecta
1722 1533 1788 1593 tam
1810 1528 1899 1595 foede
1921 1549 1991 1596 con·

261 1646 380 1711 fudisse
401 1645 493 1709 nulla
514 1642 703 1708 necessitate
723 1639 867 1706 coactos?
902 1639 1036 1704 Frustra
1064 1638 1164 1721 igitur
1184 1637 1321 1712 Ellendt,
1351 1653 1445 1718 quern
1472 1635 1553 1713 vide,
1583 1654 1654 1702 curn
1677 1638 1749 1702 aliis
1771 1641 1810 1704 de
1832 1640 1890 1705 hac
1912 1639 1994 1707 diffi-

261 1759 391 1833 cultate,
414 1773 496 1836 quae
517 1754 609 1819 nulla
630 1757 707 1829 erat,
731 1752 870 1816 sudavit.
914 1751 993 1815 Rern
1023 1769 1085 1815 uno
1111 1748 1271 1828 exemplo·
1286 1745 1483 1822 confirmabo,
1517 1749 1601 1828 quod
1629 1747 1816 1815 facultatem
1844 1753 1995 1833 praebeat

262 1866 496 1941 emendationis,
519 1883 616 1946 quam
636 1864 667 1928 in
689 1862 843 1944 Sophocle
863 1861 1022 1942 proposui,
1046 1860 1265 1925 retractandae
1286 1857 1354 1921 sive
1375 1858 1481 1938 potius
1502 1857 1721 1924 absolvendae.
1758 1860 1881 1927 Conieci
1896 1863 1997 1945 igitur

263 1976 377 2043 Trach.
398 1996 448 2059 pg.
473 1982 541 2052 174,

759 2069 819 2156 δός
839 2105 897 2162 μοι
920 2073 1055 2146 σεαυτόν
1077 2071 1142 2166 μὴν
1164 2079 1324 2144 τοσοῦτον
1347 2068 1392 2151 ὡς
1414 2066 1522 2164 όόκνῃ,

363 2197 470 2279 Atque
491 2197 538 2262 sic
558 2200 632 2260 ante
652 2197 709 2262 hos
731 2197 875 2262 undecim
897 2215 1008 2261 annos:
1031 2213 1112 2260 nunc
1133 2195 1204 2277 lego
1226 2213 1297 2259 curn
1319 2198 1486 2275 anapaesto
1508 2187 1571 2265 ἕως
1592 2177 1702 2278 δόκορ.
1745 2196 1806 2261 Sed
1827 2196 1906 2262 haec
1920 2196 1994 2262 hac·

264 2313 366 2374 tenus.
409 2309 498 2387 Quod
527 2307 669 2389 inprimis
697 2309 757 2390 egi,
789 2313 827 2372 ut
856 2326 919 2390 qua
947 2307 998 2372 via
1027 2311 1060 2370 et
1088 2307 1209 2371 ratione
1237 2305 1398 2386 ingressus
1419 2310 1541 2370 certum
1563 2308 1721 2387 quoddam
1741 2309 1994 2387 corruptelarum

260 2437 360 2502 genus
387 2403 484 2501 προσ
499 2419 638 2502 tragicos
666 2419 939 2501 deprehendissem
970 2418 1163 2484 declararem
1192 2417 1287 2498 idque
1314 2415 1469 2482 latissime
1490 2420 1610 2497 patens,
1641 2417 1704 2482 iarn
1734 2418 1774 2484 iis
1795 2436 1877 2501 quae
1897 2437 1995 2500 supra

262 2525 395 2608 exposui
415 2525 495 2592 setis
516 2532 679 2593 assecutus
699 2546 767 2593 esse
788 2529 904 2594 videor.
948 2530 1050 2608 Quam
1072 2529 1225 2593 rationem
1247 2526 1396 2608 principio
1418 2527 1545 2606 quidem
1567 2527 1804 2609 hypotheticam
1825 2529 1995 2610 paullatim

264 2653 387 2701 omnem
413 2654 519 2702 merae
549 2638 735 2720 suspicionis
765 2639 991 2705 haesitantiam
1022 2639 1255 2721 abstergentem
1283 2639 1323 2702 ad
1351 2641 1476 2703 certum
1504 2637 1658 2703 iudicium
1680 2638 1780 2706 firmis
1801 2640 1995 2722 argumentis

265 2744 446 2811 stabilitum
467 2747 648 2827 pervenisse
669 2749 814 2814 elucebit.
857 2749 971 2833 Itaque
993 2754 1158 2831 corruptos
1178 2749 1296 2830 passim
1318 2748 1511 2830 tragicorum
1541 2750 1701 2816 trimetros
1729 2752 1993 2832 contemplantem

263 2862 297 2922 et
317 2857 531 2924 excutientem
563 2863 805 2925 consentaneum
837 2865 887 2925 est
908 2861 1011 2926 animo
1034 2861 1158 2926 firmato
1180 2860 1244 2924 iam
1265 2859 1450 2940 periclitari,
1474 2860 1502 2927 si
1522 2859 1604 2926 iorte
1618 2863 1791 2944 perexigua
1805 2863 1996 2928 correctione

260 2965 346 3033 iacta
366 2970 467 3046 velut,
490 2971 574 3051 quod
595 2970 743 3048 vidimus,
767 2990 830 3037 una
852 2972 977 3053 syllaba
998 2972 1107 3038 addita
1128 2973 1268 3036 salutem
1289 2971 1356 3034 loco
1388 2976 1421 3035 et
1449 2971 1618 3052 genuinam
1648 2972 1864 3055 integritatem
1884 2974 1994 3055 ⁴possit

260 3096 296 3142 eo
318 3077 438 3156 afferre,
463 3085 500 3144 ut
521 3081 625 3146 acrius
647 3081 823 3163 indagando
845 3083 955 3163 pedem
977 3080 1155 3147 infaustum
1176 3101 1194 3145 e
1216 3081 1349 3145 mortuis
1379 3081 1509 3146 excitet.
1554 3083 1752 3164 Quamquam
1774 3102 1824 3149 res
1846 3084 1994 3166 pluribus
2026 3103 2031 3115 ·

262 3186 294 3252 in
316 3189 395 3254 locis
415 3194 466 3253 est
487 3190 677 3271 impeditior.
720 3192 878 3256 Nimirum
909 3194 993 3274 quod
1021 3193 1175 3275 genuinae
1201 3191 1346 3257 lectionis
1375 3193 1442 3255 loco
1471 3199 1653 3273 posuerunt,
1685 3199 1718 3259 et
1740 3196 1875 3276 speciem
1897 3196 1995 3262 habet

263 3299 423 3364 interdum
444 3300 591 3366 veritatis
620 3307 652 3366 et
679 3302 752 3367 aliis
779 3303 969 3384 corruptelis
996 3302 1219 3369 accedentibus
1249 3306 1299 3366 est
1327 3302 1418 3384 quasi
1448 3302 1637 3368 involutum.
1680 3305 1832 3371 Attamen
1853 3308 1994 3388 periculo

262 3415 444 3476 constanter
471 3409 554 3477 sacto
582 3413 737 3494 plurimas
766 3414 958 3496 tragicorum
990 3413 1221 3478 emendationes
1250 3413 1330 3479 satis
1357 3413 1535 3494 probabiles
1556 3414 1670 3482 fecisse
1691 3417 1808 3484 videor.
1852 3420 1994 3498 Quarum

262 3525 429 3588 nonnullas
451 3543 490 3588 ex
502 3524 660 3606 Aeschylo
681 3546 765 3592 nunc
788 3527 943 3593 delibatas
964 3524 1199 3606 tragoediarum
1209 3529 1335 3589 tantum
1347 3524 1454 3589 ordine
1466 3525 1696 3594 Hermanniano
1712 3536 1836 3595 servato
1853 3532 1993 3597 virorum

266 3635 430 3701 doctorum
450 3636 582 3701 arbitrio
604 3637 781 3703 subiiciam.
824 3638 922 3719 Supp.
944 3656 964 3700 v
990 3641 1047 3702 186
1071 3636 1103 3702 in
1123 3654 1192 3701 meo
1214 3636 1359 3716 exemplo
1382 3636 1427 3701 sic
1447 3638 1575 3719 legitur,

760 3746 813 3810 acl
836 3737 881 3830 μὴ
905 3735 1086 3830 πρόλεσχος
1107 3735 1182 3830 μήδ’
1206 3736 1347 3830 ἐφολκὸς
1368 3735 1407 3808 lb
1429 3736 1526 3830 λόγος

761 3856 896 3942 γένοιτο·
921 3850 998 3943 γονὴ
1021 3857 1057 3922 δὲ
1080 3848 1168 3944 κάρτ’
1192 3854 1378 3944 ἐπίφθονον
1400 3856 1496 3942 γένος.

360 3971 438 4036 Inde
471 3971 569 4054 igitur
592 3971 782 4038 fabricatum
814 3978 902 4054 puto,
935 3974 1018 4054 quod
1043 3971 1087 4038 M.
1117 3972 1223 4050 habet,
1249 3966 1566 4056 ἐνλογιογεκρτοτηδε
1596 3977 1862 4056 καρτεπιῳθοκοκ
1895 3998 1994 4060 γενος,

266 4087 440 4152 Hcrrmann
460 4090 568 4151 autem
590 4085 711 4161 scribit,
1955 4068 1960 4075 “

760 4194 812 4259 καὶ
835 4187 880 4279 μῆ
904 4182 1096 4278 πρόλεσχος,
1117 4184 1193 4278 μὴό
1215 4185 1355 4278 ἐφολκὸς
1377 4190 1411 4256 ἐκ
1432 4181 1519 4275 λόγῳ

762 4306 836 4392 γένῃ
857 4297 895 4370 τό
919 4304 1005 4388 τῇδε,
1026 4293 1116 4386 κάρτ’
1139 4303 1326 4390 ἐπίφθονον
1349 4293 1435 4390 γονή.

264 4419 333 4497 Quo
355 4420 432 4501 quid
452 4422 512 4486 sibi
534 4422 673 4486 voluerit
694 4423 814 4489 nescire
835 4441 885 4487 me
905 4421 1014 4486 fateor.
1051 4440 1071 4485 v
1096 4427 1153 4489 196
1175 4420 1222 4486 sic
1244 4423 1324 4503 lego,

760 4520 786 4594 τό
809 4532 872 4594 Ζεῦ
894 4531 1024 4596 σκοπῶν
1047 4523 1186 4614 οἴκτειρε
1207 4523 1271 4616 μὴν
1293 4518 1514 4603 ἆπολωλότας.

263 4637 432 4718 Hermann,

761 4740 789 4814 ὦ
810 4753 884 4831 Ζεῦ,
906 4741 1015 4819 κόπων
1038 4745 1177 4836 οἴκτειρε
1198 4746 1243 4839 μὴ
1265 4738 1491 4826 ἀπολωλότας.

262 4877 283 4922 v
306 4863 366 4926 300
388 4862 435 4929 sic
456 4867 538 4948 lego,
