4464 5556
996 423 1244 495 ...17-

690 629 771 708 αναξ
786 618 957 701 Ἄπολλον,
979 613 1081 688 ολσθα
1103 617 1162 701 μὲν
1185 610 1223 682 τὸ
1245 610 1292 703 μὴ
1314 618 1446 684 οῗδικεῖν·

689 739 758 808 ἐπεὶ
782 736 942 823 δ’ἐπλστςι,
962 734 1017 799 κατ’
1041 726 1078 799 ιό
1101 722 1146 816 μὴ
1169 720 1299 812 ἀμελεῖν
1320 723 1419 813 μάθε.

239 864 342 929 Poeta
363 863 432 926 sinc
453 859 546 924 dubio
573 855 710 937 scripsit,

692 983 774 1071 ἅναξ
790 979 960 1063 Ἄπολλον,
983 974 1085 1049 οἶσθα
1107 982 1167 1065 μὲν
1189 973 1228 1047 τὸ
1250 973 1298 1068 μὴ
1319 977 1485 1065 μ’ἀδικεῖν·

693 1100 762 1169 ἐπεὶ
785 1099 944 1184 δ’ἐπλσιᾳ,
966 1095 1021 1162 καί
1043 1089 1081 1160 τὸ
1104 1087 1150 1181 μὴ
1174 1085 1340 1177 μ’ἆμελεῖν
1361 1087 1463 1177 μάθε.

245 1226 332 1292 Illud
353 1224 443 1289 modo
465 1221 625 1288 sciendum
648 1224 707 1295 est,
729 1207 859 1296 ἀμελεῖν
881 1215 977 1279 etiam
999 1230 1071 1276 cum
1094 1209 1276 1276 accusativo
1300 1229 1362 1275 usu
1384 1212 1498 1277 venire.

245 1341 347 1402 r400
369 1333 549 1414 Aeschylus
571 1346 639 1396 mec
662 1329 779 1395 iudicio
801 1329 847 1396 sic
869 1326 1049 1404 scripserat,

995 1458 1075 1522 πᾶσι
1098 1454 1162 1529 δ’ἕς
1184 1446 1290 1519 κοινὸν
1313 1455 1406 1540 λέγω·

696 1560 815 1659 βρέτας
837 1594 873 1635 ιε
894 1561 1018 1652 τούμὸν
1041 1568 1115 1652 τῷδ’
1139 1566 1291 1653 ἐφημένῳ
1313 1567 1401 1653 ξένην,

603 1678 608 1690 ’
699 1679 776 1767 ὑμῖν
799 1676 967 1765 θ’ὀμοίαις
990 1673 1095 1746 σιῖδενὶ
1121 1682 1274 1766 σπαρτῶν
1301 1680 1393 1765 γένει,

697 1790 766 1863 οὔτ’
791 1786 845 1862 οὖν
867 1794 1035 1881 βροτείοις
1058 1791 1232 1876 ἐμφερέσιν
1254 1782 1466 1877 μορφώμασι,

249 1937 332 2002 quae
353 1917 481 1999 quidem
502 1915 681 1982 rectissime
702 1913 870 1989 habebant,
903 1911 965 1977 nisi
998 1913 1081 1994 quod
1113 1908 1248 1973 ultimus
1280 1925 1393 1973 versus
1425 1910 1504 1989 pede
1536 1909 1650 1976 illicito
1672 1918 1757 1978 esset
1784 1916 1979 1998 inquinatus.

252 2030 336 2108 Quid
365 2028 484 2112 igitur?
531 2026 763 2091 Mutilaverant
794 2023 914 2087 iustam
946 2022 1114 2087 lectionem
1147 2013 1321 2099 ε’μφερὲσιν
1356 2019 1517 2086 scribendo
1549 2014 1719 2105 ἐμφερεῖς,
1753 2029 1981 2107 accusativum,

250 2159 334 2225 quac
344 2138 523 2220 corruptela
545 2141 675 2212 ceteras,
698 2152 777 2216 quas
798 2133 890 2198 hodie
904 2132 1067 2210 habemus,
1090 2135 1216 2198 trahere
1232 2133 1351 2197 debuit.
1377 2133 1492 2216 Itaque
1507 2135 1642 2216 legimus
1658 2138 1740 2219 apud
1757 2138 1984 2219 Hermannum,

1000 2270 1079 2333 πᾶσι
1103 2266 1166 2342 δ’ἑς
1186 2260 1293 2333 κοινὸν
1316 2266 1398 2352 λέγω

697 2381 817 2469 βρέτας
839 2405 873 2446 τε
897 2373 1018 2462 σοιἰμδν
1039 2380 1117 2447 τῶδ’
1139 2378 1289 2467 ἐφημένῳ
1313 2379 1401 2464 ξένῳ,

699 2488 786 2577 ὑμᾶς
808 2487 961 2575 θ’δμολας
984 2487 1087 2559 οὐδενὶ
1112 2496 1264 2580 σπαρτῶν
1290 2493 1372 2577 γένει

702 2600 770 2673 οὔτ’
794 2605 828 2672 ἐν
851 2609 962 2672 ercan
985 2601 1071 2692 πρὸς
1093 2610 1179 2674 θεῶν
1203 2602 1368 2692 ὁρωμένας

702 2711 773 2786 σι’·’τ’
796 2710 854 2786 οὖν
876 2719 1042 2806 βροτείοις
1064 2719 1218 2807 ἐμφερεῖς
1241 2709 1469 2806 μορφώμασιν.

253 2860 272 2904 ν
293 2845 353 2906 472
376 2839 497 2923 legitur
516 2838 549 2904 in
571 2855 639 2902 mea
660 2837 815 2917 exempla,

702 2946 840 3009 τοιαῦτα
862 2942 922 3024 μὲν
945 2935 1015 3009 τάδ’
1039 2942 1126 3011 ἐστὶν
1149 2937 1330 3033 ἀμφότερα,
1353 2946 1460 3029 μένειν

703 3057 842 3138 πέμπειν
866 3080 909 3133 ιε,
933 3052 1028 3123 δισσοὶ
1051 3047 1173 3143 πήματ’
1196 3050 1333 3143 ἆμῆχαν
1357 3051 1399 3132 ιιίς
1421 3055 1503 3140 ε’μολ

355 3197 416 3264 Oui
437 3199 566 3280 quidem
592 3199 663 3266 luca
693 3219 753 3264 narr
785 3206 909 3265 veteres
938 3200 987 3264 illi
1015 3201 1172 3281 syllabam
1205 3202 1435 3281 surripuerunt,
1469 3202 1524 3265 sed
1555 3198 1753 3264 recentiores.
1798 3197 1884 3262 Libri
1906 3196 1990 3263 enim

259 3310 375 3378 habent
395 3307 535 3390 πέμπειν
557 3306 593 3374 δὲ
614 3297 793 3392 συςπήματ
817 3298 989 3394 ἀμηχάνως
1012 3307 1097 3390 ἐμοί.
1141 3312 1255 3393 Itaque
1284 3311 1344 3375 viri
1366 3311 1536 3377 doctissimi
1557 3313 1632 3374 ante
1652 3310 1868 3374 Hermaunum
1891 3329 1992 3393 quum

258 3429 340 3489 recte
359 3419 396 3486 δὲ
418 3424 610 3506 corrigerent
628 3443 685 3506 per
699 3443 733 3485 τε
744 3430 952 3505 anapaestum
964 3423 1345 3488 exturbaveruntnavum
1359 3421 1550 3486 vccabulum
1562 3421 1771 3503 importantes
1782 3417 1992 3504 uranpparz’,

264 3535 294 3599 in
313 3555 371 3616 quc
390 3536 448 3601 ille
468 3535 631 3617 acquievit
651 3535 753 3602 satius
774 3553 844 3601 csse
865 3540 956 3602 ratus
976 3529 1122 3600 ‘aliarum
1144 3537 1321 3602 commerita
1342 3525 1526 3613 praeteriri.

267 3649 363 3711 etti
382 3647 429 3712 sic
448 3648 529 3728 lega,

491 3750 496 3760 ’
703 3745 770 3819 α’πδ
793 3751 967 3836 στρατείας
990 3745 1051 3836 γάρ
1074 3776 1123 3817 νιν
1145 3742 1357 3838 ἠμποληκότα

704 3860 745 3931 τα
768 3867 891 3931 πλεῖστ’
913 3846 1020 3932 ἄποιν’
1043 3866 1077 3931 ἐν
1099 3858 1235 3952 εἰῖφρονί
1258 3889 1293 3951 γε
1315 3867 1488 3953 δεδεγμένη

706 3976 803 4064 δαλτη
826 3980 896 4062 περὶ
921 3973 1041 4064 λουτρὰ
1065 3975 1202 4065 ὡσπερεὶ
1225 3970 1427 4063 στεγασματι

706 4091 813 4175 φᾶρος
835 4083 1073 4177 παρεσκηνησεν
1096 4091 1130 4156 ἐν
1153 4086 1283 4175 δ’ἅχειρ
1307 4088 1355 4157 ε”τι

707 4196 824 4269 κόπτει
847 4195 1001 4290 πεδησασ’
1023 4198 1125 4290 ἄνδρα
1147 4195 1292 4288 δαιδάλῳ
1313 4205 1433 4288 πέπλῳ.

265 4308 284 4372 i.
306 4327 331 4373 e.
354 4312 502 4380 maritum
524 4316 620 4382 laetis
642 4318 746 4398 epulis
768 4323 936 4399 exceptum
955 4321 1023 4384 vela
1035 4320 1155 4384 balneis
1168 4324 1319 4402 tanquam
1331 4324 1515 4401 tegumento
1526 4320 1722 4386 circumdato
1733 4337 1832 4402 quum
1850 4317 1994 4383 manibus

261 4422 397 4487 nundum
419 4425 466 4489 uti
487 4432 597 4508 posset
617 4430 784 4509 percussit.
829 4429 908 4494 Cum
930 4430 987 4506 his,
1017 4449 1085 4512 age,
1115 4448 1263 4512 compara
1285 4431 1436 4512 vulgatas
1458 4428 1585 4494 Gariteri
1612 4431 1762 4497 lectiones
1792 4448 1809 4494 e
1831 4429 1920 4494 libris
1942 4430 1995 4495 de·

261 4541 431 4617 promptas,

709 4637 749 4710 τὰ
773 4649 894 4713 πλεῖστ’
917 4642 1059 4726 ἀμείνον’
1080 4642 1238 4732 εὔφροσιν
1261 4648 1434 4735 δεδεγμένη

710 4745 811 4845 δριλτη
833 4762 973 4845 περιῦντι
997 4754 1127 4846 λουτρὰ,
1148 4753 1226 4847 κηῖπλ
1250 4762 1386 4847 τέρματι

709 4873 816 4956 φᾶρος
838 4864 1084 4960 παρεσκηνησιν,
1107 4873 1140 4940 ἐν
1163 4868 1348 4962 δ’ἀτέρμονι
