4516 5558
1013 417 1265 490 ..20-

267 629 352 694 quae
375 617 445 674 turn
467 612 505 675 de
527 619 708 692 anapaesto,
730 612 769 676 de
790 612 941 693 digarrrmi
964 616 994 678 vi
1011 615 1038 681 'l
1059 618 1143 697 apud
1165 617 1304 698 tragicos
1325 622 1387 682 ete.
1405 616 1584 698 significavi
1607 620 1717 702 magis,
1740 642 1836 703 qnam
1858 620 2005 702 exposui,

266 722 366 787 simili
386 741 423 788 ac
448 724 533 786 iusta
554 724 816 788 commentatione
839 724 980 804 probare.
1003 744 1113 790 verum
1136 745 1256 791 memor
1275 745 1344 807 pra(
1352 726 1445 808 cepti,
1468 730 1552 809 quod
1573 727 1669 796 facile
1690 750 1729 795 ex
1752 733 1837 798 hisce
1858 732 2006 798 versibus

266 833 455 903 enucleabis

715 931 751 1005 εὖ
773 966 807 1026 γε
830 927 980 1022 propaget
1003 930 1271 1026 κᾶῑιοφρᾰγνυοαι
1294 933 1402 1029 κύκλῳ

716 1047 756 1118 τὸ
780 1056 926 1138 πρᾶγμα·
948 1055 1060 1140 11111111·
1082 1048 1156 1128 δ’ὥς
1179 1080 1211 1120 τι
1233 1059 1384 1142 opplanum
1405 1058 1498 1124 νέον

265 1165 370 1230 satius
392 1167 470 1231 duxi
492 1168 678 1249 paullulum
700 1169 825 1245 morari,
848 1171 944 1236 donec
967 1171 1272 1251 argumentationem
1294 1173 1334 1236 ab
1355 1174 1500 1239 omnibus
1529 1172 1676 1255 partibus
1704 1172 1894 1249 absolutam,
1921 1190 2004 1253 quae

264 1275 405 1340 virorum
427 1278 592 1342 doctorum
614 1278 791 1344 obstinatos
813 1298 933 1343 errores
954 1280 1100 1344 veritatis
1122 1282 1256 1360 pondere
1277 1281 1434 1362 obrueret,
1465 1301 1589 1364 possem
1620 1299 1801 1363 proponere.
1844 1281 1921 1346 inde
1943 1285 2001 1358 est,

262 1388 347 1467 quod
369 1387 410 1451 ab
432 1387 635 1469 hypothetico
657 1389 807 1470 principio
829 1409 867 1455 ae
888 1390 1092 1456 fundamento
1114 1410 1246 1457 exorsus
1267 1412 1349 1472 sum,
1375 1430 1412 1440 -
1436 1413 1531 1477 quam
1553 1394 1681 1476 quidem
1693 1393 1856 1469 rationem,
1880 1392 1930 1456 uti
1944 1411 2003 1473 par

263 1500 321 1574 est,
345 1498 475 1580 Lessing
498 1499 580 1562 dixit
609 1499 667 1566 hoc
695 1499 762 1581 ipso
793 1501 821 1564 in
851 1520 964 1583 genere
986 1502 1181 1582 peculiarem
1202 1504 1307 1568 locum
1330 1502 1455 1583 habere,
1478 1540 1517 1549 —
1540 1521 1668 1584 sperans
1690 1501 1765 1577 fore,
1788 1505 1825 1564 ut
1845 1501 1886 1566 ad
1908 1500 2000 1566 finem

264 1608 364 1672 totius
385 1609 489 1688 operis
512 1611 672 1673 volumine
694 1612 848 1692 singulari
871 1631 937 1676 rem
959 1613 1152 1692 expedirem.
1162 1617 1194 1676 11
1216 1613 1422 1677 absolverem.
1467 1614 1666 1694 Quamquam
1688 1629 1817 1692 prorsus
1838 1610 1904 1673 alia
1919 1611 2001 1673 ratio

262 1725 332 1784 erat
353 1720 442 1784 illius
464 1721 642 1797 commenti,
665 1723 748 1801 quod
771 1740 942 1804 sanequarn
964 1723 1114 1786 horribile
1136 1724 1174 1788 de
1196 1725 1332 1804 spondeo
1355 1725 1385 1788 11
1407 1723 1520 1787 ultimo
1543 1724 1623 1805 pede
1641 1722 1777 1787 admisso
1792 1721 1901 1785 docere
1916 1720 2001 1785 vide·

261 1830 328 1895 bar.
372 1830 432 1895 Cui
454 1835 629 1895 commento
650 1851 730 1913 quas
751 1833 842 1914 quasi
864 1833 1010 1897 tenebras
1031 1851 1088 1899 nec
1110 1835 1177 1899 sine
1199 1840 1285 1899 certo
1307 1834 1448 1900 consilio.
1471 1833 1555 1914 quod
1576 1832 1637 1897 etsi
1651 1831 1737 1896 haud
1752 1813 1869 1910 σεμνόν
1883 1830 2001 1895 tacitus

262 1949 368 2010 tamen
390 1941 594 2023 ουναμιιὲχω,
615 1962 744 2010 necnon
758 1944 854 2008 animi
875 1964 980 2012 causa.
1002 1945 1112 2021 fateor,
1135 1945 1242 2022 olhrdi,
1265 1945 1372 2026 potuit
1394 1943 1460 2007 lere
1482 1942 1585 2008 lector·
1606 1947 1640 2007 et
1661 1943 1865 2008 existimator
1878 1958 2001 2022 aequus

263 2055 425 2137 dispicere,
458 2074 557 2136 quum
585 2073 764 2136 perversam
793 2056 887 2120 istam
915 2074 972 2120 nec
1000 2056 1195 2121 irridicrrlam
1223 2057 1434 2122 coniecturam
1462 2042 1544 2136 ἄιον
1573 2043 1699 2136 depae)
1729 2054 1795 2135 ipse
1817 2039 2000 2135 11111ρὸ1111

262 2186 494 2249 nuncuparem:
525 2162 592 2234 ‘nec
624 2167 739 2233 lusisse
768 2168 875 2248 pudet,
907 2169 962 2232 sed
989 2186 1048 2232 non
1076 2167 1210 2232 incidere
1238 2165 1369 2231 ludum’.
1414 2166 1519 2242 Quare
1549 2184 1648 2246 quum
1676 2165 1794 2247 aliquis
1817 2165 1928 2229 sedulo
1951 2180 2000 2227 111

263 2282 473 2354 scrutaretur,
495 2296 571 2340 num
594 2277 677 2341 serio
698 2277 776 2340 talia
797 2274 988 2341 iactitarerrr.
1011 2295 1110 2357 quum
1133 2279 1261 2339 cunctos
1282 2275 1507 2355 grammaticos
1522 2276 1652 2340 eludere
1663 2276 1794 2351 viderer,
1818 2274 2000 2355 inquorum

261 2405 392 2452 numero
415 2388 542 2452 honoris
563 2406 660 2456 causa
682 2375 798 2451 vellem
819 2385 888 2467 ipse
909 2386 1025 2462 haberi,
1049 2385 1289 2467 respondebam:
1315 2383 1363 2448 Tu
1385 2403 1459 2448 vero
1481 2393 1585 2451 macte
1608 2369 1744 2448 virtute!
1780 2383 1929 2448 Ceterum
1951 2383 2000 2447 vir

261 2501 401 2579 optimus
424 2505 456 2563 11
478 2499 565 2562 haud
586 2499 738 2572 indoctus,
770 2514 864 2577 quern
893 2497 948 2577 qui
968 2496 1111 2576 princeps
1134 2496 1301 2560 hodiernae
1322 2497 1516 2578 philologiae
1537 2497 1674 2561 habetur
1696 2500 1728 2560 et
1750 2496 1883 2561 antistes
1903 2484 1999 2576 ‘inge-

260 2609 387 2674 niosum
408 2616 441 2673 et
463 2605 656 2690 diligentem’
688 2607 807 2673 litteris
839 2607 1024 2687 iampridem
1052 2607 1136 2673 datis
1163 2606 1340 2687 appellavit
1368 2626 1527 2691 qrrerrrque
1548 2608 1576 2672 si
1598 2607 1761 2672 dimidiam
1784 2608 1850 2688 ipse
1872 2612 1997 2687 partem

260 2719 384 2783 anirrrae
406 2738 494 2783 meae
515 2719 742 2784 nominaverim
764 2717 931 2781 veritatem
954 2718 1008 2781 rix
1031 2718 1196 2799 attingam,
1220 2717 1299 2781 hanc
1315 2735 1416 2781 meam
1432 2718 1667 2799 anapaesticam
1685 2718 1839 2782 rationem
1855 2716 1999 2795 apprime

259 2831 453 2911 probaturus
475 2830 593 2894 huncce
614 2828 693 2892 mihi
716 2828 898 2890 trimetrum
920 2828 1085 2905 dedicavit,

713 2924 791 2999 Ta'd'
815 2932 880 3000 ἐστ’
902 2931 1014 3019 ἀληθῆ
1036 2927 1143 3000 πάντα
1163 2937 1214 2999 καὶ
1239 2926 1365 3021 norff,
1380 2929 1532 3019 ‘'Agrorxep,

259 3072 353 3135 quem
376 3070 433 3134 ego
456 3053 495 3116 ad
517 3050 694 3132 legitimam
717 3049 858 3124 fonnem,
882 3054 915 3114 et
935 3068 973 3113 11
994 3050 1094 3114 lector
1114 3050 1300 3130 necopinans
1324 3050 1354 3114 in
1377 3049 1443 3129 ipso
1466 3047 1624 3112 vestibulo
1643 3045 1897 3110 stomacharetur
1911 3049 1944 3109 11
1959 3049 1997 3108 11

364 3250 386 3312 ¹)
404 3247 534 3301 confiteor
550 3246 638 3315 igitur
654 3261 708 3299 non
727 3261 788 3297 vera
806 3260 888 3311 supra
904 3261 945 3296 111
964 3244 1089 3298 retulisse
1107 3260 1189 3312 quum
1207 3243 1322 3298 dicerem
1339 3247 1364 3311 γ’
1376 3237 1446 3310 'Aper
1465 3245 1493 3297 in
1512 3259 1570 3296 meo
1587 3241 1706 3310 exemplo
1724 3241 1792 3310 legi:
1806 3235 1881 3307 'Aper
1895 3241 1997 3310 legitur

259 3344 395 3411 digamma
413 3342 576 3395 instructum
594 3340 665 3394 sicut
682 3337 753 3406 111111
772 3335 910 3391 11111111
928 3337 1051 3405 pluriora.
1087 3338 1236 3391 Brevitatis
1253 3342 1281 3392 11
1299 3339 1383 3391 aniani
1401 3353 1481 3391 causa
1498 3336 1566 3390 illud
1584 3352 1614 3401 γε
1631 3334 1730 3398 addidi,
1749 3335 1820 3402 quod
1839 3350 1994 3403 permansum

258 3437 345 3491 habeo
362 3436 495 3490 sexcentis
513 3436 539 3487 iu
557 3434 623 3488 loris
641 3434 765 3487 librarios
783 3433 850 3486 salso
867 3431 1003 3486 adiecisse.
1039 3432 1181 3485 Contraria
1206 3437 1248 3485 est
1265 3433 1330 3485 haec
1348 3433 1402 3486 iere
1419 3431 1490 3485 ratio
1508 3430 1557 3493 illi,
1576 3444 1655 3497 quam
1674 3428 1707 3481 ad
1725 3428 1882 3496 Sophoclem
1900 3426 1996 3480 Trach.

256 3550 274 3586 r
290 3531 340 3585 553
358 3533 466 3585 secutus
483 3545 563 3583 eram.
597 3528 660 3582 Nun
678 3543 760 3594 quum
778 3527 923 3593 legeretur,

857 3611 910 3689 356¹,
930 3616 1088 3685 ἔχον,φ1’.1111

707 3710 835 3779 λυτήριον
853 3711 974 3780 loupiac,
993 3714 1051 3781 rpb'
1071 3707 1135 3776 ὑμῖν
1155 3711 1261 3779 φράσω,

257 3813 328 3882 quod
346 3812 492 3868 absurdum
510 3813 561 3874 est,
578 3809 620 3863 ita
635 3807 723 3862 locum
741 3806 889 3869 emendari,

705 3899 833 3966 λυτήριον
850 3897 938 3964 λύπης
956 3894 1029 3963 ἄτερ,
1047 3894 1112 3964 ὑμῖν
1128 3899 1235 3966 φράσω,

256 4001 303 4055 sed
321 4000 392 4069 quod
411 3999 514 4054 attinet
534 3998 568 4052 ad
593 3997 716 4050 ultimam
741 3995 847 4047 brevem
871 3993 942 4046 rocis
967 3987 1031 4056 drap
1051 3994 1158 4047 nonnisi
1180 3994 1385 4064 hypotheticam
1408 4009 1467 4048 esse
1490 3993 1560 4047 banc
1578 3989 1758 4046 coniecturam
1776 3983 1856 4037 volui.
1893 3981 1992 4047 ltaque

256 4094 358 4158 addidi,
376 4093 461 4163 siquis
478 4109 554 4147 secus
571 4092 695 4154 accuret,
712 4106 773 4144 eum
791 4105 869 4158 possa
886 4082 983 4154 ἄτερθ’
1004 4089 1127 4157 recipcre.
1163 4088 1296 4142 Nimirum
1319 4088 1438 4143 recensio
1462 4104 1517 4141 non
1534 4089 1593 4140 erat
1608 4082 1694 4136 editio
1710 4092 1777 4139 mea
1794 4073 1841 4128 red
1859 4073 1991 4141 specimen

255 4189 407 4245 studiorum
424 4192 453 4243 et
469 4190 636 4255 conspectus.
671 4185 811 4240 Neminem
829 4188 918 4239 autern
936 4185 1010 4253 fugit
1022 4177 1092 4248 'Aper
1115 4199 1176 4236 cnm
1198 4182 1336 4252 digamma
1358 4182 1477 4250 proxima
1500 4176 1622 4232 accedere
1639 4171 1673 4225 ad
1690 4168 1803 4223 formam
1820 4170 1849 4221 et
1865 4164 1992 4219 similitu-

255 4284 346 4339 dinem
363 4283 436 4338 vocis
470 4281 541 4335 dra.

357 4379 381 4442 ²)
400 4301 621 4431 Emezngationem
639 4374 690 4427 loci
708 4373 785 4427 unice
803 4371 900 4435 vexati,
918 4386 996 4439 quem
1014 4386 1091 4423 nemo
1109 4369 1189 4424 hodie
1206 4369 1322 4429 sanarit,
1340 4381 1452 4432 eamque
1468 4363 1621 4432 legitimam
1632 4359 1731 4413 hancce
1744 4354 1892 4424 exemplum
1904 4365 1992 4404 meum

254 4473 346 4535 habet,

703 4555 786 4613 οόὸὲν
801 4558 853 4626 γὰρ
870 4551 928 4611 or'c'
947 4551 1072 4622 ἀλγεινὸν
1089 4541 1149 4618 οὖν,
1167 4545 1243 4618 dtpp'
1262 4541 1340 4615 duro,

705 4647 765 4706 οὔτ’
782 4652 894 4719 αἰσχρὸν
911 4645 968 4704 οὔτ’
988 4643 1087 4713 ἄτιμόν
1102 4643 1174 4710 lao’,
1192 4640 1291 4697 ὁποῖον
1308 4640 1351 4698 ου’.

356 4753 459 4821 Quoia
475 4751 590 4806 lectione
607 4750 640 4804 ad
663 4749 791 4804 arnumim
813 4747 903 4801 omnia
925 4748 1059 4806 constant,
1084 4740 1131 4796 sed
1156 4740 1272 4794 alienum
1295 4742 1339 4794 est
1360 4738 1410 4792 hoc
1435 4737 1501 4800 loco,
1527 4751 1580 4804 qno
1597 4728 1747 4799 Aeschylus
1765 4727 1866 4795 agitur,
1883 4722 1993 4792 singula

256 4849 388 4917 persequi.
