4516 5558
1032 441 1248 510 -7...

271 646 467 705 momentum
488 656 558 704 esse
580 638 787 719 deprehendo.
820 636 881 702 Sed
902 636 985 718 linge
1006 638 1097 703 modo
1119 644 1245 719 poetam
1266 638 1312 704 sic
1332 640 1503 721 scripsisse.
1536 640 1619 719 Quid
1633 641 1805 722 proclivius
1820 648 1889 706 erat
1901 661 2005 724 gram

271 751 386 816 matico
414 751 481 818 sive
509 749 642 814 formam
664 748 863 813 Homericam
894 748 1051 830 ignoranti
1085 749 1153 813 sive
1179 749 1330 814 miserum
1358 752 1469 832 pedem
1498 768 1609 831 peroso
1635 750 1702 817 sive
1723 750 1857 832 primam
1877 753 2005 836 longam

270 863 358 933 vocis
380 849 535 934 Μαιάδος
556 860 745 942 postulanti,
768 878 863 941 quam
884 863 922 924 ut
941 854 1056 931 Μαίας
1082 860 1255 925 inveheret.
1299 861 1368 938 Quo
1395 860 1479 928 iacto
1507 860 1601 928 facile
1628 862 1712 928 illud
1739 864 1817 935 παῖς
1839 859 1952 936 Μαίας
1973 866 2005 932 in

270 977 486 1057 corruptelam
516 976 607 1040 illam
636 970 740 1035 naida
767 975 834 1039 sive
856 968 959 1035 naida
982 970 1050 1055 γῆς,
1073 991 1170 1055 quam
1191 969 1263 1035 libri
1287 969 1495 1048 tradiderunt,
1528 971 1615 1036 abire
1641 970 1749 1054 potuit
1776 974 1843 1040 sive
1871 973 2006 1043 fortuito

268 1089 338 1154 sive
360 1085 490 1154 consilio
511 1085 643 1162 scribae,
666 1085 721 1167 qni
744 1103 835 1150 suam
857 1086 896 1150 de
916 1084 1065 1149 Merrurii
1086 1100 1200 1166 genere
1221 1082 1396 1148 doctrinam
1418 1081 1519 1147 vellet
1539 1100 1731 1164 expromere.
1764 1084 1916 1152 Ceterum
1931 1106 2005 1154 cum

270 1198 393 1263 nemine
416 1199 612 1275 contendam,
641 1198 696 1280 qui
725 1194 828 1259 naida
848 1193 963 1268 Μαίας
988 1195 1188 1277 praetulerit,
1218 1193 1321 1259 fateor
1349 1194 1449 1270 modo,
1479 1193 1720 1260 similitudinem
1748 1196 1950 1266 Homericam
1971 1202 2005 1264 et

269 1311 359 1390 pedis
381 1309 629 1377 misericordiam
651 1309 736 1390 apud
759 1327 809 1373 me
829 1310 946 1374 valere.
989 1308 1071 1374 Sunt
1097 1307 1177 1373 haee
1206 1304 1370 1382 eiusmodi,
1400 1306 1439 1371 de
1461 1305 1577 1386 quibus
1599 1306 1752 1389 Lessingii
1773 1307 1893 1374 dictum
1914 1327 2003 1391 prae·

268 1421 359 1502 cipue
381 1421 551 1487 tenendum
573 1439 641 1487 esse
668 1420 823 1497 videatur,
855 1437 912 1485 nes
944 1419 1051 1485 locum
1083 1417 1239 1499 quendam
1271 1419 1456 1496 corruptum
1482 1433 1551 1482 esse
1580 1434 1635 1498 pro
1663 1423 1749 1483 certo
1778 1419 1880 1484 dicere
1900 1438 2002 1502 posse,

267 1533 345 1614 quid
366 1533 499 1614 scriptor
520 1531 678 1610 habuerit,
700 1549 760 1596 non
781 1549 883 1613 posse.
926 1531 1014 1596 Illud
1036 1527 1214 1596 certissime
1235 1525 1368 1592 iudicari
1382 1531 1499 1609 potest,
1521 1527 1606 1608 quod
1627 1527 1787 1594 Hermann
1808 1547 1846 1594 er
1869 1530 2005 1614 vulgata

264 1645 401 1711 retinnit
2046 1637 2050 1647 '

733 1744 871 1835 ”Appon
893 1741 950 1816 τὸν
969 1741 1092 1835 Ἑρμῆς
1114 1747 1220 1814 παῖδα
1241 1745 1301 1832 γῆς
1321 1742 1520 1823 κατέκτανεν,

268 1872 481 1953 respuendum
503 1887 572 1935 esse
594 1872 725 1950 propter
735 1870 968 1931 monstruosam
978 1864 1148 1929 verborum
1168 1861 1417 1928 collocationem.
1450 1860 1511 1927 Sed
1533 1861 1638 1926 lecum
1659 1879 1696 1926 eo
1716 1863 1919 1943 potissimum
1934 1883 2003 1931 con·

266 1981 339 2047 silio
360 1980 476 2062 recepi,
498 1985 535 2044 ut
556 1979 640 2043 viam
661 1977 741 2043 mihi
762 1977 803 2042 ad
823 1976 904 2041 alias
925 1975 1054 2040 Homeri
1075 1973 1301 2040 similitudines
1323 1973 1488 2039 munirem.
1521 1973 1641 2039 Eadem
1662 1972 1728 2039 iere
1748 1977 1830 2041 ratio
1845 1981 1894 2043 est
1906 1977 2003 2045 huius

267 2093 328 2160 loci
350 2093 492 2157 eiusdem
514 2090 642 2156 tabulae
664 2110 684 2154 v
706 2094 778 2165 475,
800 2105 894 2169 quem
917 2086 1077 2152 Hermann
1097 2090 1227 2150 servata
1247 2084 1377 2149 Porsoni
1399 2083 1582 2151 coniectura
1601 2077 1784 2169 εὐρηθέντα
1806 2090 1852 2157 sie
1864 2089 2001 2170 exhibet,

764 2193 892 2262 αἰδοῖον
912 2187 1091 2280 εὑρεθέντα
1113 2181 1270 2278 πρόξενον
1292 2193 1413 2275 λαβεῖν,

264 2331 321 2396 ego
343 2330 427 2390 vero,

760 2417 887 2485 αἰδοῖον
909 2411 1129 2503 odoporicum
1155 2407 1312 2502 πρόξενον
1334 2418 1452 2501 λαβεῖν.
1539 2486 1541 2490 ,
1604 2476 1608 2484 .

366 2538 496 2604 Scilicet
516 2537 560 2602 M.
583 2535 726 2602 servavit
746 2520 785 2598 εὖ
808 2531 924 2615 ῥέοντα
953 2528 1118 2615 προξένων.
1159 2532 1273 2614 ltaque
1301 2532 1431 2598 Homeri
1457 2535 1697 2602 similitudinem
1725 2544 1857 2606 secutus
1884 2539 2001 2605 conieci

266 2637 493 2733 εὐφρονὲοντα,
514 2666 708 2730 quamquam
729 2646 864 2714 cuilibet
883 2645 1041 2727 optionem
1064 2644 1183 2726 largior
1204 2644 1285 2708 inter
1304 2634 1525 2726 εὐφρονέοντα
1539 2651 1573 2711 et
1586 2640 1818 2731 εὐφρονοῦντα.
1850 2646 1914 2715 Sed
1928 2649 2001 2716 vide

265 2763 346 2828 hanc
367 2760 624 2836 emendationem,
646 2777 743 2840 quam
764 2757 894 2823 Homeri
915 2755 1105 2821 auctoritate
1125 2759 1219 2820 tutus
1240 2755 1390 2821 audacior
1408 2759 1630 2838 praestiterim,

764 2869 869 2934 Prom.
890 2887 910 2933 v
934 2871 991 2932 351
1015 2861 1129 2950 ἕστηκε
1151 2863 1263 2940 κίονας
1285 2856 1425 2950 οὐρανοῦ
1448 2867 1558 2932 τεκαὶ
1584 2857 1704 2949 χθονός

1017 2968 1123 3059 ὤμοις
1145 2974 1289 3063 ἐρείδων,

362 3091 559 3172 iampridem
581 3096 752 3172 anapaesto
781 3089 953 3154 exturbato
977 3109 1039 3157 non
1064 3093 1168 3157 solum
1189 3092 1393 3170 EustathiuS,
1422 3093 1478 3158 sed
1505 3093 1574 3173 ipse
1595 3092 1789 3159 Plutarchus
1817 3093 1898 3176 legit
1917 3086 1999 3155 κίον’

263 3204 348 3286 quod
377 3220 477 3283 quum
505 3206 614 3282 aperte
634 3201 714 3266 nihil
736 3206 830 3277 esset,
852 3201 908 3265 alii
928 3191 1009 3263 κιαίν
1031 3202 1236 3283 scripserunt,
1258 3203 1365 3284 ipsum
1386 3202 1612 3268 Prometheum
1634 3202 1814 3269 columnam
1836 3203 1998 3286 lingentes.

264 3314 354 3392 Quod
378 3315 565 3393 aspernatus
587 3310 747 3376 Hermann
768 3312 807 3377 ad
829 3303 909 3373 κίον’
937 3313 1040 3390 rediit,
1075 3312 1258 3379 incredulus
1287 3313 1351 3391 ille,
1383 3313 1445 3379 nisi
1473 3312 1577 3391 fallor,
1607 3315 1646 3380 de
1672 3312 1771 3378 nimia
1798 3315 1997 3395 corruptelae

260 3429 435 3490 vetustate.
479 3422 599 3488 Verum
621 3423 722 3490 evinci
743 3427 860 3504 potest,
883 3422 1065 3491 Ciceronem
1086 3424 1277 3506 corruptelis
1299 3426 1491 3507 tragicorum
1513 3424 1612 3491 fuisse
1634 3426 1810 3507 deceptum.

361 3535 502 3601 Accedat
523 3534 574 3600 his
595 3535 781 3610 emendatio,
803 3553 900 3617 quam
921 3534 954 3600 in
975 3533 1098 3601 deliciis
1120 3535 1274 3615 habe01),
1297 3536 1446 3617 quamvis
1468 3536 1583 3602 debilis
1602 3537 1646 3602 sit
1660 3536 1789 3602 Homeri
1804 3536 1995 3602 similitudo:

366 3739 388 3802 ¹)
406 3738 457 3794 Sed
474 3738 535 3793 vide
553 3755 633 3809 qnam
652 3738 764 3807 fragiles
780 3738 838 3791 sint
854 3755 896 3792 ree
912 3738 1053 3794 humanae.
1089 3738 1200 3793 Etenim
1217 3744 1280 3794 ante
1297 3740 1347 3795 hoe
1365 3756 1460 3795 novem
1478 3757 1561 3795 annes
1579 3757 1659 3811 quum
1679 3741 1784 3810 aliquot
1795 3740 1996 3796 emendationes

260 3833 423 3887 Horatianos
448 3833 499 3887 hae
524 3832 615 3887 eadem
641 3832 778 3887 occasione
803 3831 938 3886 scribendi
963 3833 1057 3887 oblata
1078 3849 1259 3902 proponerem,
1282 3850 1329 3903 pg.
1357 3833 1389 3887 12
1412 3835 1444 3888 ad
1468 3851 1547 3890 carm.
1566 3835 1589 3901 1,
1612 3835 1635 3899 l,
1655 3844 1675 3887 'v
1699 3835 1715 3886 6
1741 3834 1906 3888 coniecturae
1923 3849 1998 3888 meae

257 3927 418 3982 dominos
444 3942 530 3996 quac
556 3926 672 3982 evehit
697 3925 789 3981 eadem
808 3926 858 3980 illa
880 3926 963 3981 verba
983 3920 1072 3994 ‘quam
1096 3943 1158 3996 prae
1183 3929 1278 3983 ceteris
1304 3928 1358 3984 iere
1382 3930 1410 3983 iu
1435 3929 1538 3984 deliciis
1555 3925 1649 3984 habeo’
1666 3927 1812 3997 adjungere
1829 3942 1910 3982 ausus
1927 3942 1996 3982 sum.

258 4024 344 4079 Hodie
365 4040 427 4078 vero
444 4023 518 4080 loeus
535 4023 564 4077 in
581 4038 640 4076 meo
658 4020 776 4089 exemplo
794 4019 833 4075 sic
848 4020 965 4089 legitur:

807 4115 885 4178 Sunt,
902 4129 968 4182 quoe
986 4114 1117 4169 enrricula
1135 4113 1271 4181 pulverem
1288 4113 1457 4182 Olympicum

807 4209 954 4277 conlegisse
970 4209 1047 4262 iuvat
1064 4211 1189 4275 metaque
1206 4206 1317 4260 fervidis

806 4304 911 4358 evitata
927 4303 996 4357 rotis
1012 4301 1155 4371 palmaque
1172 4300 1281 4355 nobilis.

803 4401 934 4453 terrarum
952 4397 1074 4452 dominos
1091 4393 1183 4449 evehit
1199 4393 1233 4447 ad
1254 4393 1318 4448 deos

804 4519 883 4583 hunc,
900 4519 924 4574 si
941 4518 1082 4573 mobilium
1099 4519 1150 4572 etc.

355 4612 439 4666 Vides
462 4610 676 4666 emendationem
703 4627 789 4666 meam
812 4616 921 4668 mutata
940 4614 998 4667 sola
1019 4611 1238 4681 interpunctione
1261 4609 1322 4664 niti.
1361 4607 1413 4663 Sed
1431 4609 1577 4663 cavendum
1594 4622 1651 4664 esse
1668 4611 1763 4675 sentio,
1779 4626 1812 4664 ne
1830 4608 1893 4662 dum
1911 4609 1991 4663 aliam

255 4723 310 4761 rem
329 4723 411 4775 agam
429 4703 560 4761 curriculo
578 4703 626 4758 illo
644 4703 794 4759 Horatiano
811 4706 937 4775 abripiar.
956 4708 1054 4775 Itaque
1062 4720 1134 4759 nnnc
1146 4704 1256 4773 quidem
1268 4719 1348 4772 aegre
1360 4703 1517 4771 supersedeo
1530 4707 1559 4757 at
1571 4703 1720 4758 accuratius
1733 4703 1802 4758 hanc
1813 4703 1992 4759 coniecturam

256 4801 368 4865 probare
385 4804 414 4855 et
432 4799 497 4868 quid
515 4798 621 4854 dnobus
639 4797 732 4867 primis
751 4798 872 4853 versibus
888 4798 1040 4854 faciendum
1058 4799 1096 4852 sit
1113 4797 1249 4852 declarare
1266 4800 1295 4852 et
1313 4796 1402 4852 totius
1415 4797 1540 4852 carminis
1561 4796 1743 4851 venustissimi
1764 4797 1894 4864 reliquam
1906 4814 1995 4854 emen·

256 4893 393 4946 dationem
411 4910 565 4962 proponere.
583 4893 654 4962 Quid
670 4891 779 4962 igitur?
794 4893 937 4947 abstinebo
954 4893 1136 4961 inposterum
1156 4890 1304 4958 utiqueab
1333 4889 1501 4958 eppehandia
1522 4889 1633 4955 deliciis,
1657 4906 1709 4944 non
1728 4906 1744 4943 a
1760 4887 1887 4944 fruendis.
1921 4889 1992 4947 Nam
