4516 5558
1004 456 1250 530 ..19-

181 704 184 709 -
263 679 358 743 quum
380 660 535 724 librorum
559 659 734 733 lectionem,
757 656 925 738 quaesere
947 662 997 721 est
1018 645 1135 736 ripaue*
1161 644 1391 739 δ’ἇμείψομαι,
1413 659 1578 723 emendare
1592 657 1761 722 videretur.
1797 659 1895 725 Addit
1917 661 1997 726 alios

260 773 324 836 alia
346 771 527 838 coniecisse.
560 769 689 835 Minime
710 769 816 848 placet
831 767 1003 831 Hermanni
1025 746 1215 846 coniectura,
1239 770 1291 834 cui
1315 769 1450 833 libenter
1472 769 1589 850 largior
1611 773 1737 849 poetam
1758 788 1818 834 non
1834 772 1997 852 scripsisse

259 869 380 964 dynant
404 881 548 964 quamvis
569 899 588 943 a
608 880 715 961 glossa
729 866 801 939 ἀντὶ
815 875 877 940 τοῦ
892 874 1012 940 καλλίω
1029 878 1258 957 confirmatum,
1282 880 1449 946 aCantere
1465 880 1643 961 probatum,
1667 881 1721 946 sed
1735 881 1817 944 ratio
1831 887 1996 964 repugnat

261 994 399 1060 Goniieio
421 992 530 1073 igitur,
1943 985 1945 990 ’

708 1092 751 1164 ’r'a'
773 1097 807 1172 ἐς
830 1088 972 1183 φθοράν·
996 1092 1061 1181 ἐγώ
1085 1087 1230 1162 θάνατον
1253 1091 1483 1182 δ’ἄμείψομαι·

263 1243 344 1324 quod
365 1246 439 1305 eta
467 1241 585 1306 litteris
618 1240 745 1306 traditis
777 1242 924 1321 paullum
956 1239 1076 1305 recedit
1104 1243 1137 1302 et
1164 1240 1210 1302 rei
1238 1243 1336 1321 atque
1364 1258 1515 1320 personae
1544 1241 1747 1321 aptissimum
1769 1261 1837 1307 esse
1859 1243 1996 1307 videtur.

261 1353 410 1419 Ceterum
431 1371 494 1433 quo
518 1354 584 1416 loco
608 1351 767 1416 Hermann
791 1355 896 1414 monet
918 1349 1103 1431 Euripidem
1126 1349 1288 1414 imitatum
1310 1368 1380 1415 esse
1402 1351 1598 1431 Aeschylum
1622 1352 1726 1418 Tread
1745 1358 1851 1429 1451,
1876 1372 1911 1417 eo
1927 1355 1995 1420 loeo

260 1467 467 1532 Cassandram
490 1463 617 1544 perinde
639 1466 773 1526 mortenr
795 1460 953 1540 expressis
975 1460 1079 1524 verbis
1102 1460 1249 1524 meditari
1272 1461 1381 1525 cernis.
1425 1461 1592 1528 Sciendum
1614 1468 1723 1528 autem
1753 1469 1809 1540 est,
1841 1465 1996 1545 plurimos

259 1581 345 1645 locos
367 1578 438 1641 inde
459 1573 672 1654 corruptelam
694 1571 839 1647 traxisse,
862 1571 945 1652 quod
967 1570 1089 1636 scribae
1111 1571 1286 1651 particulas
1309 1573 1400 1636 velut
1421 1572 1479 1636 hoe
1502 1575 1568 1638 loco
1592 1570 1628 1635 δὲ
1642 1576 1777 1640 seeundo
1794 1576 1862 1641 leco
1876 1575 1996 1657 positas

259 1705 451 1770 concoquere
471 1704 530 1750 non
554 1686 709 1766 poterant.

359 1799 448 1864 Haec
467 1795 575 1874 habui,
597 1792 727 1858 candide
748 1792 854 1867 lector,
877 1808 959 1871 quae
980 1794 1085 1852 tecum
1108 1791 1146 1853 de
1168 1796 1339 1871 arnapaesto
1356 1792 1385 1856 in
1400 1794 1553 1858 trimetris
1568 1794 1761 1875 tragicorum
1772 1815 1855 1860 nunc
1868 1797 1995 1877 quidem

261 1909 532 1974 communicarem.
576 1903 694 1984 Quodsi
716 1901 911 1983 supradixi,
935 1900 1128 1982 Aeschylum
1144 1903 1309 1966 adamasse
1330 1904 1440 1983 pedem
1464 1903 1555 1991 unice
1576 1909 1739 1981 vexatum,
1763 1905 1878 1970 neruini
1900 1907 1996 1970 velim

261 1996 344 2085 hanc
364 2036 466 2084 meam
488 2015 663 2098 opinionem
685 2013 865 2089 obtrudere,
888 2011 1038 2075 hahuisse
1060 2010 1178 2076 confide
1200 2012 1353 2076 neminem
1376 2012 1442 2077 iore
1464 2014 1541 2095 quin
1570 2017 1728 2080 concedat.
1773 2016 1930 2081 Videlicet
1953 2017 1996 2081 in·

262 2129 531 2196 fortunatissimus
560 2126 617 2191 ille
644 2129 758 2207 pedum
786 2143 842 2206 per
870 2142 904 2188 se
929 2122 1010 2187 nihil
1039 2123 1136 2186 habet
1158 2123 1312 2199 odiosum,
1343 2123 1398 2204 qui
1419 2141 1477 2189 suo
1499 2124 1567 2187 iure
1588 2127 1674 2205 apud
1696 2126 1941 2207 Aristophanem
1964 2131 1996 2189 et

261 2241 448 2321 Euripidem
469 2238 501 2303 in
523 2238 657 2320 Cyclope
679 2240 798 2318 regnet.
832 2233 932 2316 Atqui
948 2234 1134 2308 ceuroediae,
1158 2234 1313 2315 inquiunt,
1337 2234 1464 2298 levitati
1480 2237 1635 2317 congruit,
1657 2255 1858 2319 nequaquam
1873 2242 1996 2319 tragoe-

260 2352 330 2417 diae
351 2348 515 2432 gravitati.
559 2347 647 2413 Cur?
669 2350 799 2428 propter
820 2344 1033 2410 velocitatem.
1077 2344 1191 2421 Audio,
1215 2346 1269 2410 sed
1291 2344 1417 2426 inspice,
1440 2347 1539 2423 sodes
1563 2347 1758 2429 tragicorum
1780 2349 1996 2415 velocissimos

257 2462 332 2527 illos
354 2479 466 2525 versus
486 2457 709 2540 perplurimos,
734 2455 787 2538 qui
811 2456 960 2520 brevibus
982 2454 1116 2535 syllabis
1139 2455 1228 2518 mode
1251 2473 1311 2518 nou
1332 2460 1407 2521 sunt
1426 2456 1550 2536 repleti.
1596 2458 1761 2536 Quidnam,
1785 2477 1909 2541 quaeso,
1933 2461 1996 2532 dis·

260 2571 399 2640 criminis
420 2568 604 2634 intercedit?
635 2566 781 2633 Profecto
813 2585 902 2630 neruo
931 2564 1130 2642 infitiahitur,
1153 2568 1299 2628 motuum
1320 2565 1425 2629 animi¹
1440 2566 1636 2631 celeritatem
1659 2573 1692 2632 et
1713 2570 1900 2636 elocutionis
1923 2570 1995 2635 inde

260 2681 416 2747 manantis
438 2679 640 2745 velocitatem
662 2696 762 2760 aeque
785 2695 930 2758 nraguam
953 2676 1012 2740 etsi
1036 2692 1226 2756 sucgerere
1248 2680 1282 2738 et
1304 2680 1419 2739 natura
1440 2676 1598 2741 diversam
1628 2677 1659 2742 in
1681 2680 1852 2760 tragoediis
1875 2682 1995 2746 versari

261 2796 358 2873 atque
378 2791 409 2855 in
431 2789 608 2856 comoediis.
652 2788 759 2852 Merae
781 2794 856 2853 sunt
879 2787 958 2850 istae
981 2803 1153 2866 sauequam
1177 2786 1322 2866 ineptiae.
1370 2787 1412 2850 Ae
1435 2787 1549 2868 siquis
1572 2787 1627 2850 vix
1649 2789 1750 2867 possit
1776 2790 1816 2854 ab
1843 2790 1995 2872 opinionis

260 2919 362 2967 errore
382 2904 614 2983 praeoccupato
636 2901 791 2975 recedere,
814 2917 870 2980 per
892 2916 941 2962 me
962 2897 1039 2963 licet
1061 2896 1234 2961 doctrinam
1264 2897 1353 2961 illam
1382 2899 1420 2962 de
1449 2903 1619 2978 anapaesto
1649 2899 1765 2980 cyclieo
1789 2901 1851 2965 iam
1874 2902 1995 2982 pridem

259 3013 472 3094 importatam,
494 3011 571 3089 sire,
602 3010 651 3074 uti
679 3012 801 3087 volunt,
831 3012 1015 3072 renovatam
1042 3007 1183 3088 arripiat,
1214 3007 1305 3073 cuius
1334 3008 1447 3072 solatio
1478 3008 1667 3073 sublevatus
1694 3030 1793 3090 paene
1815 3031 1870 3093 pro
1892 3013 1995 3077 iambo

259 3124 371 3204 pedem
391 3123 493 3203 possit
514 3121 655 3186 recitare.
700 3121 854 3184 Desinant
883 3121 1009 3184 tandem
1039 3138 1148 3184 versus
1177 3120 1249 3184 illus
1273 3119 1302 3181 in
1324 3118 1487 3198 Euripidis
1510 3119 1684 3204 tragoediis
1706 3127 1888 3202 anapaesto,
1912 3125 1996 3204 quod

260 3237 384 3314 putant,
404 3236 561 3313 turpatus
585 3251 662 3314 quos
684 3236 813 3313 propter
827 3230 964 3307 niuriam,
975 3231 1122 3294 malum!
1147 3229 1387 3295 multitudinem
1402 3235 1435 3293 et
1449 3230 1568 3311 negotii
1583 3229 1809 3296 difficultatem
1826 3233 1996 3298 exturbare

260 3343 513 3423 desperaverunt,
536 3348 573 3407 ut
593 3345 714 3424 peiores
736 3342 900 3423 designare
920 3346 1110 3422 poetamque
1132 3359 1167 3404 eo
1190 3339 1313 3404 nomine
1335 3341 1571 3420 reprehendere.
1615 3341 1742 3408 Peiores
1764 3343 1860 3408 illum
1883 3362 1995 3410 versus

259 3452 437 3518 innumeros
464 3452 575 3518 fecisse
608 3453 703 3519 facile
736 3454 878 3528 concedo,
912 3471 1008 3533 quam
1037 3451 1232 3531 Aeschylum
1261 3456 1294 3514 et
1315 3449 1510 3531 Sophoclem,
1542 3451 1598 3514 sed
1627 3470 1687 3516 uon
1709 3472 1747 3517 ea
1767 3458 1844 3518 nota
1865 3457 1994 3537 peiores,

260 3563 376 3644 quippe
396 3582 496 3644 quum
518 3563 659 3628 homines
681 3582 716 3627 eo
739 3563 870 3643 ingenio,
904 3582 966 3644 quo
999 3562 1061 3626 suit
1083 3562 1261 3642 Euripides,
1292 3561 1322 3624 in
1351 3560 1506 3623 eiusmodi
1536 3561 1671 3642 legibus,
1706 3564 1732 3628 si
1763 3567 1854 3629 modo
1876 3571 1993 3642 extant,

260 3675 343 3754 quod
365 3672 553 3738 facillimum
574 3679 632 3749 est,
655 3674 857 3739 observandis
880 3673 1109 3738 accuratissimi
1132 3673 1196 3737 sint
1218 3676 1250 3735 et
1265 3671 1505 3752 religiosissimi.
1534 3671 1646 3735 Potuit
1658 3672 1781 3738 Goethe
1797 3675 1998 3743 hexametros

258 3783 503 3849 iucundissimos
525 3784 652 3866 quidem
675 3784 757 3860 illos,
786 3785 841 3848 sed
870 3802 909 3846 ex
935 3783 1101 3849 severioris
1133 3782 1223 3847 illius
1250 3781 1437 3861 disciplinae
1469 3780 1573 3862 rigore
1595 3800 1632 3847 ae
1654 3788 1821 3864 praecepto
1845 3788 1997 3866 pessimis

257 3891 427 3969 effundere,
452 3894 628 3961 —scimus
658 3913 757 3959 unum
786 3893 957 3960 fabricasse
985 3899 1105 3975 septem
1132 3895 1248 3975 pedum
1277 3893 1361 3973 quod
1391 3896 1501 3956 utrum
1523 3892 1704 3972 imprudens
1726 3911 1766 3957 an
1788 3912 1862 3959 vero
1885 3897 1997 3964 ludens

259 4008 292 4068 et
311 4003 401 4086 genio
425 4004 592 4087 indulgens
613 4005 723 4070 iecerit
744 4007 858 4083 neseio,
884 4039 914 4046 --
943 4007 997 4071 sed
1020 4005 1126 4087 potuit
1147 4003 1315 4079 effundere,
1338 4002 1509 4083 Euripides
1532 4006 1618 4068 certe
1640 4022 1700 4067 nou
1722 4007 1838 4084 potuit.

299 4156 304 4165 ·
359 4114 464 4180 Habes
485 4116 586 4197 igitur
606 4135 666 4182 nen
688 4116 840 4197 opinionis
872 4116 1030 4197 quoddam
1063 4115 1252 4196 principium
1285 4112 1537 4193 hypotheticum,
1570 4114 1625 4176 secl
1656 4112 1783 4194 iustam,
1806 4117 1866 4182 nisi
1889 4118 1993 4195 iirllor,

261 4227 552 4291 commentationem
575 4225 763 4294 firmissimis
785 4226 875 4290 illam
897 4225 1094 4307 argumentis
1116 4230 1149 4289 et
1169 4223 1346 4287 rationibus
1361 4221 1546 4288 stabilitam.
1569 4222 1717 4287 Poteram
1733 4226 1828 4290 aliam
1841 4245 1880 4290 err
1895 4229 1995 4308 pluri·

258 4333 318 4399 bus
340 4354 418 4418 quas
448 4342 505 4402 aut
534 4337 679 4404 inchoavi
708 4337 766 4402 arat
794 4336 918 4418 perfeci,
952 4354 1033 4417 quae
1064 4335 1235 4398 Homerum
1266 4332 1416 4414 inprimis
1447 4332 1592 4413 tragicos
1617 4333 1800 4415 Virgilium,
1823 4337 1993 4403 Horatium

257 4451 412 4527 spectant,
442 4448 554 4514 offerre
583 4453 615 4512 et
644 4451 869 4525 eernmendare,
900 4448 1043 4512 eiusdem
1071 4447 1163 4526 plane
1189 4444 1297 4525 stirpis
1319 4464 1356 4510 ac
1379 4443 1501 4519 indolis,
1527 4462 1609 4525 quae
1630 4445 1758 4527 quidem
1781 4448 1878 4511 simili
1902 4452 1993 4514 modo

256 4558 413 4637 probaret,
437 4561 524 4640 leges
545 4558 713 4623 nonnullas
734 4578 753 4622 a
775 4559 852 4623 viris
875 4558 1064 4623 doctissimis
1087 4573 1294 4637 praepropere
1316 4556 1399 4619 latas
1422 4573 1488 4621 esse
1511 4560 1544 4619 et
1571 4556 1719 4633 sancitae,
1752 4559 1806 4622 sed
1828 4558 1931 4624 nescio
1955 4578 1994 4623 an

255 4667 348 4731 nulla
369 4673 476 4748 posset
497 4668 529 4732 in
552 4666 685 4731 clariore
696 4669 768 4734 luce
779 4669 860 4748 poni,
885 4687 966 4750 quae
981 4671 1064 4733 esset
1080 4669 1187 4748 legum
1203 4666 1342 4741 illarum,
1365 4684 1445 4746 quas
1461 4657 1631 4748 ὑψίηοδας
1648 4654 1801 4750 οὐρανίαν
1817 4662 1850 4730 δι’
1871 4663 1994 4752 αἰθέρα

256 4775 479 4850 venumdemus
501 4779 686 4843 iamdudum
709 4781 897 4860 nuncupavi,
921 4779 1072 4843 maiestas
1094 4782 1126 4841 et
1148 4777 1311 4842 sanctitas.
1342 4778 1522 4844 Potuissem
1544 4799 1643 4861 quum
1666 4781 1851 4861 Sophoclem
1867 4782 1995 4849 ederem
