4516 5558
1014 445 1237 520 ..9-

258 650 372 733 Itaque
393 647 552 724 contendo,
575 649 685 728 plures
706 665 803 712 novas
825 648 1051 712 vocabulorum
1073 645 1189 711 lomras
1210 663 1245 710 eo
1261 647 1391 713 consilio
1405 648 1505 714 luisse
1519 649 1559 714 ab
1574 649 1640 715 illis
1655 637 1806 728 inventas,
1830 651 1991 730 ntpcdem

258 761 396 828 invisum
427 759 646 824 exturbarent.
690 756 796 822 Habet
829 757 929 839 igitur
961 757 1118 822 Homerus
1151 744 1338 834 ἀλαπάζειν,
1370 755 1557 843 ἐφημέριός,
1590 749 1710 845 ἀεικής,
1737 749 1887 838 ἐλεεινός,
1908 781 1991 843 quaa

258 870 386 955 quidem
408 870 527 935 formae
548 869 580 933 in
601 886 724 933 omnem
745 868 968 949 posteritatem
983 869 1163 950 viguerunt.
1193 869 1254 935 Sed
1267 876 1379 936 extant
1393 878 1560 952 poetarum
1575 875 1637 941 loci
1651 875 1804 953 nonnulli,
1827 873 1991 956 inquibus

257 986 316 1045 aut
336 980 412 1045 libri
433 981 582 1060 praebent
601 966 766 1056 λαπάζειν,
787 967 961 1061 ἐφήμερος,
983 966 1086 1062 αἰκής,
1110 968 1240 1054 ἐλεινὸς,
1269 986 1327 1047 aut
1347 983 1408 1047 viri
1432 985 1515 1049 docti
1537 991 1667 1065 propter
1688 985 1867 1067 analogiam
1894 1002 1990 1066 quarn
2058 1036 2060 1041 .

258 1099 373 1161 romnt
393 1092 451 1159 bas
472 1091 589 1158 formas
610 1093 791 1158 restituisse
812 1094 969 1158 videntur.
1014 1094 1293 1159 Verumenimvero
1316 1095 1396 1160 mira
1416 1114 1465 1162 res
1486 1100 1546 1173 est,
1568 1096 1653 1178 quod
1673 1097 1723 1160 illi
1745 1096 1804 1160 loci
1826 1093 1893 1160 iere
1917 1099 1993 1160 sunt

261 1205 422 1282 eiusmodi,
456 1209 493 1270 ut
525 1223 588 1269 una
616 1204 741 1284 syllaba
769 1204 878 1269 addita
906 1208 1096 1285 anapaestus
1124 1223 1164 1269 ex
1189 1204 1297 1273 inferis
1318 1205 1488 1272 excitetur.
1532 1206 1640 1289 Atque
1659 1208 1792 1273 verbum
1813 1192 1992 1284 ἀλαπάζειν

259 1318 342 1399 quod
363 1316 486 1391 attinet,
509 1316 569 1382 hoc
590 1314 718 1396 quidem
740 1314 867 1379 unicum
889 1320 1015 1395 propter
1029 1321 1235 1396 anapaestum
1250 1317 1331 1384 hanc
1346 1317 1449 1382 labem
1465 1319 1601 1383 traxisse
1616 1324 1762 1398 apertum
1775 1322 1835 1384 cst.
1858 1319 1992 1401 Legitur

258 1429 315 1493 ille
336 1428 367 1492 in
389 1429 533 1507 exemplo
556 1444 624 1490 meo
646 1426 733 1507 Sept.
757 1444 787 1490 v.
810 1430 869 1490 512

755 1550 777 1647 ἦ
797 1557 864 1648 μὴν
884 1552 1061 1644 ἀλαπάζειν
1084 1557 1166 1630 ἄστυ
1192 1563 1364 1645 Καδμείων
1387 1563 1456 1650 βίᾳ.

357 1704 432 1770 Jam
453 1722 528 1769 vero
549 1722 657 1771 omnes
671 1705 824 1771 editiones
841 1705 958 1771 habent
973 1725 1012 1771 ex
1027 1707 1129 1785 libris,
1146 1710 1229 1790 quod
1241 1708 1368 1790 quidem
1382 1706 1534 1788 suspicari
1547 1707 1653 1783 debeo,
1671 1712 1815 1772 sumtum
1826 1693 1989 1784 λαπάζειν.

257 1814 372 1898 Itaque
392 1822 516 1881 veteres
537 1816 600 1880 iam
622 1815 744 1883 scribae
765 1822 982 1897 corruperunt.
1014 1818 1090 1883 Inde
1111 1824 1170 1895 est,
1194 1821 1278 1900 quod
1292 1818 1486 1883 Eustatbius
1508 1818 1547 1891 ad
1559 1816 1646 1899 Sept.
1669 1823 1754 1896 vt7,
1777 1836 1870 1900 quem
1885 1820 1990 1884 locum

259 1928 305 1994 sic
325 1927 415 2008 igit,
1507 1909 1509 1912 Α

749 2035 864 2110 θέντες
886 2026 1041 2116 λαπάζειν
1064 2029 1145 2103 ἀστα
1171 2034 1344 2119 Καδμείων
1365 2034 1427 2120 βίᾳ

259 2151 337 2218 haee
369 2152 465 2216 verba
497 2151 598 2217 addit:
635 2141 723 2233 παρὰ
757 2148 835 2232 γοῦν
868 2151 915 2234 τῷ
942 2141 1100 2235 Ἀισχόλῳ
1128 2142 1262 2236 εὕρηται
1289 2146 1327 2214 τό
1355 2151 1453 2259 βῆμα
1485 2149 1584 2234 χωρὶς
1613 2150 1675 2215 τοῦ
1697 2175 1726 2213 α.
1771 2153 1901 2221 Scilicet
1922 2153 1990 2220 viro

257 2262 390 2342 optimo,
424 2263 482 2329 nisi
514 2260 625 2339 fallor,
659 2263 740 2329 mira
770 2281 821 2330 res
854 2284 924 2331 esse
954 2267 1136 2334 videbatur:
1173 2255 1321 2350 εὕρηται,
1350 2265 1454 2343 eredo,
1487 2267 1542 2331 sed
1572 2285 1632 2330 non
1665 2272 1850 2347 corruptum
1882 2267 1992 2332 credat

256 2372 401 2438 Judaeus
431 2372 558 2454 Apella.
602 2375 754 2457 Legimus
783 2376 884 2458 igitur
911 2377 978 2441 sine
1011 2378 1094 2442 omni
1128 2379 1340 2444 haesitatione
1372 2371 1487 2448 θέντες
1517 2363 1703 2454 ἀλαπάζειν,
1734 2381 1831 2460 atque
1863 2394 1990 2456 corrup·

255 2485 364 2561 telam,
394 2483 421 2550 si
451 2502 511 2550 non
533 2491 664 2566 propter
683 2492 901 2568 anapaestum,
931 2494 966 2553 at
995 2496 1125 2572 propter
1146 2489 1325 2571 analogiam
1346 2488 1465 2555 iactam
1487 2505 1557 2553 esse
1578 2493 1771 2554 statuamus.
1814 2488 1889 2552 Alia
1909 2486 1989 2551 ratio

258 2598 308 2659 est
339 2594 475 2661 huiusce
507 2597 578 2663 loci.
628 2595 739 2678 Agam.
774 2619 793 2661 v
830 2603 903 2675 125,
941 2601 1075 2681 vulgata
1115 2601 1208 2667 lectio
1248 2604 1296 2666 est
1326 2603 1415 2682 μοῖρ’
1449 2586 1628 2678 ἀλαπάζει,
1665 2619 1761 2681 quam
1800 2597 1989 2665 recentiores

259 2714 385 2789 propter
407 2709 583 2790 analogiam
604 2709 760 2791 corrigere
780 2711 838 2775 sibi
860 2709 923 2774 visi
943 2716 1018 2775 sunt
1036 2712 1198 2778 scribendo
1213 2714 1315 2797 μοῖρα
1330 2699 1476 2789 λαπάζει.
1506 2714 1613 2794 Atque
1628 2712 1675 2778 sic
1687 2711 1856 2776 Hermann.
1877 2708 1991 2790 Itaque

257 2823 369 2901 poetae
389 2819 557 2901 genuinam
569 2820 734 2885 lectionem
745 2821 954 2886 restituamus
976 2823 1073 2889 libros
1094 2824 1227 2904 optimos
1242 2825 1353 2890 secuti.
1389 2824 1669 2890 verumenimvero
1690 2840 1772 2887 unus
1786 2822 1874 2886 locus
1888 2822 1989 2896 extat,

257 2929 312 3011 qui
333 2948 444 2996 vereor
463 2948 502 2995 ne
523 2935 624 2996 totam
646 2951 747 2997 meam
767 2931 922 2997 rationem
952 2938 1084 2998 evertat.
1127 2934 1260 3017 Legitur
1287 2935 1370 3002 enim
1398 2935 1484 3017 apud
1514 2936 1731 3000 Hermannum
1760 2932 1791 2998 in
1813 2933 1922 2998 eadem
1943 2928 1958 2992 i
1977 2963 1988 2976 ·

258 3042 335 3109 bula
357 3062 376 3105 v
399 3047 470 3121 435,

751 3152 828 3238 πρίν
850 3148 928 3238 ἐμόν
951 3151 1100 3243 ἐςθορεῖν
1123 3147 1235 3240 δόμον,
1256 3159 1408 3223 πωλικῶν
1429 3150 1463 3225 a'

755 3265 900 3333 ἑδωλίων
922 3267 957 3351 μ’
981 3257 1153 3354 ὑπερκόπῳ

674 3463 678 3470 .
752 3378 827 3465 δορί
849 3372 921 3446 ποτ’
944 3372 1132 3464 ἐκλαπάξαι.

356 3519 407 3585 lta
426 3540 503 3588 sane
531 3521 605 3585 libri
625 3527 723 3604 utque
744 3522 802 3586 viri
826 3525 918 3590 docti.
957 3526 1016 3591 Sed
1041 3525 1222 3591 Bentleium
1255 3527 1356 3592 dicere
1389 3526 1590 3592 meminimus
1621 3527 1806 3609 opportune,
1837 3519 1992 3584 rationem

259 3635 384 3697 centum
406 3633 568 3700 codicibus
597 3649 666 3698 esse
695 3636 897 3712 superiorem.
942 3636 1055 3718 ltaque
1083 3656 1142 3701 non
1172 3639 1313 3718 despero,
1343 3655 1537 3720 quamquam
1567 3639 1707 3712 concedo,
1741 3619 1916 3708 ἀλαπάζειν
1938 3628 1992 3696 hic

259 3744 364 3808 locum
375 3761 573 3825 nequaquam
585 3744 710 3810 habere.
743 3744 804 3810 Sed
826 3746 901 3828 quid
916 3745 1039 3813 faciunt
1050 3748 1125 3813 illas
1140 3748 1279 3829 virgines
1293 3748 1482 3830 loquentes?
1503 3743 1694 3830 ‘Antequam
1705 3746 1806 3812 hostis
1820 3745 1851 3808 in
1863 3744 1992 3808 domum

258 3856 478 3921 meamirruit
499 3862 595 3937 atque
616 3875 666 3921 me
686 3844 841 3935 λαπάζεά.
885 3858 968 3936 Quid
989 3859 1050 3925 hoc
1071 3858 1116 3924 rei
1138 3860 1210 3924 est?
1239 3846 1416 3938 ἀλαπάζειν
1445 3859 1605 3944 significat
1625 3857 1803 3934 exhaurire,
1826 3870 1990 3929 evacuare,

259 3984 449 4050 expugnare,
473 3970 619 4048 spoliare.
662 3970 772 4052 Apage
790 3989 864 4034 vcro
893 3988 966 4036 cum
987 3969 1074 4034 hisce
1096 3971 1161 4035 tuis
1183 3973 1301 4052 puellis
1323 3972 1491 4038 exhaustis
1513 3972 1581 4037 sive
1602 3967 1763 4051 spoliatisl
1787 3966 1886 4032 Miror
1905 3980 1990 4041 sane,

260 4073 473 4158 Hartungium
496 4079 576 4144 hanc
597 4080 806 4146 elocutionem
828 4079 935 4160 lepida
955 4082 1068 4145 notula
1088 4081 1139 4146 sui
1163 4083 1258 4149 moris
1279 4100 1341 4147 non
1362 4085 1537 4148 adornasse.
1578 4082 1638 4146 Sed
1661 4079 1762 4156 video,
1785 4096 1881 4159 quam
1895 4093 1992 4157 supra

260 4189 416 4267 proposui,
438 4190 517 4255 mire
538 4190 640 4255 facere
661 4193 701 4256 ad
730 4191 813 4256 hunc
841 4192 948 4257 locum
977 4191 1203 4258 illustrandum
1234 4196 1266 4256 et
1293 4192 1545 4269 exhilarandum,
1578 4189 1766 4272 praesertim
1796 4208 1897 4270 quum
1927 4203 1990 4251 vox

157 4365 163 4373 ,
258 4294 409 4360 πωλικῶν
431 4303 512 4367 certe
533 4302 707 4366 bestiarum
729 4302 865 4381 speciem
888 4303 1045 4382 quandam
1067 4321 1106 4367 ac
1117 4302 1361 4368 similitudinem
1377 4303 1524 4384 attingat.
1552 4300 1601 4366 Tu
1614 4319 1689 4366 vero
1704 4299 1991 4365 mccomaudacter

257 4410 336 4493 lega,
360 4413 446 4493 quod
466 4429 565 4493 quum
586 4411 719 4477 verbum
747 4412 898 4493 praebeat
925 4412 984 4477 hoc
1012 4413 1043 4477 in
1064 4430 1178 4494 genere
1200 4417 1233 4477 et
1254 4415 1336 4494 apud
1359 4414 1533 4478 Homerum
1555 4419 1588 4480 et
1610 4414 1696 4497 apud
1716 4413 1797 4478 alios
1819 4408 1990 4477 usitatissi-

255 4540 343 4587 mum
363 4521 404 4586 ab
425 4524 510 4589 omni
530 4527 623 4605 parte
643 4523 772 4588 videtur
795 4523 980 4588 absolutum
1001 4541 1059 4589 nec
1079 4524 1181 4588 ullam
1203 4525 1446 4605 explicationem
1469 4525 1611 4607 requirit,

750 4660 827 4744 πρὶν
849 4651 931 4740 ἐμόν
953 4655 1103 4743 §scopato
1124 4648 1238 4741 δομόν,
1260 4660 1410 4725 πωλικῶν
1433 4656 1468 4726 θ’

753 4769 900 4837 ἑδωλίων
944 4761 1117 4856 ὑπερκόπῳ

754 4883 830 4972 δορί
851 4877 923 4950 ποτ’
946 4881 983 4949 ἐκ
1003 4876 1036 4965 μ’
1058 4871 1194 4961 άπάξαι.
1260 4916 1264 4923 <
