4516 5558
1023 417 1244 491 .-g-

262 610 431 695 συνειπών,
453 621 546 691 θεοῖς
568 601 726 682 συνειπών
754 620 856 682 vitato
882 624 1063 700 anapaesto,
1093 622 1184 684 ratus
1212 620 1295 686 illud
1324 607 1383 682 σόν
1404 622 1435 686 in
1457 641 1509 685 σιν
1534 622 1634 692 luisse
1662 632 1833 692 mutatum.
1878 627 1996 693 Verum

129 746 137 764 ·
258 752 362 827 fluum
383 736 416 797 et
438 732 615 814 Aeschylus
635 736 722 796 amet
741 728 858 795 formas
880 730 981 794 dativi
1001 762 1043 774 -
1063 747 1116 792 σιν
1137 733 1169 792 et
1190 729 1263 795 libri
1284 748 1392 797 omnes
1413 750 1465 795 σιν
1487 739 1648 812 tueantur,
1671 753 1708 800 eo
1729 737 1793 801 iam
1806 754 1872 812 nos,
1895 738 1923 804 si
1937 739 1998 805 diis

263 845 378 925 placet,
402 843 581 925 pervenisse
599 841 693 907 facile
714 840 907 916 crediderim,
931 846 969 905 ut
988 846 1197 922 anapaestum
1218 843 1358 921 amplexi
1380 842 1608 924 praeferamus.

362 956 466 1020 Prom.
488 973 508 1018 v
533 957 591 1019 113
613 953 658 1017 sic
679 952 852 1025 emendavi,

758 1052 941 1146 ὑπαίθριος
962 1064 1112 1142 δεσμοῖσι
1137 1059 1451 1143 πεπασσαέεομένος.

360 1177 489 1242 Possem
510 1173 644 1254 δεσμοῖς
665 1175 809 1250 scribere,
831 1176 886 1240 sed
907 1179 1098 1257 anapaestus
1120 1176 1225 1242 allicit
1246 1175 1337 1239 libris
1358 1178 1580 1244 annuentibus.
1612 1177 1686 1242 Jam
1709 1177 1792 1260 finge
1809 1181 1901 1245 modo
1917 1179 1998 1246 hanc

262 1289 429 1356 lectionem
450 1287 549 1354 fuisse
569 1289 748 1370 genuinam.
793 1288 877 1365 Quid
897 1287 1022 1352 scriba?
1055 1287 1209 1352 Odiosum
1237 1286 1320 1352 illud
1342 1307 1384 1350 σε
1406 1289 1535 1353 delevit.
1578 1289 1792 1355 Luculentum
1819 1298 1928 1354 autem
1949 1296 1999 1356 est

259 1400 452 1480 exemplum,
473 1401 549 1481 quia
571 1399 624 1475 Μ,
646 1416 742 1481 quem
764 1415 952 1463 veneramur
972 1417 1089 1473 omnes,
1112 1402 1240 1479 practer
1260 1398 1341 1463 alios
1359 1399 1485 1466 codices
1505 1399 1603 1464 habet
1620 1395 1892 1480 πασσαλενμένος,
1911 1403 1997 1483 quod

260 1511 317 1576 alii
338 1511 402 1577 alio
424 1512 514 1575 modo
537 1509 712 1592 corrigendi
732 1510 839 1575 studio
862 1512 1077 1573 mutaverunt.
1120 1508 1237 1590 Itaque
1258 1510 1344 1589 apud
1365 1509 1582 1577 Hermannum
1602 1512 1748 1594 legimus,

754 1611 933 1702 ὑπαίθριος
955 1619 1106 1700 δεσμοῖσι
1129 1611 1355 1693 πασσαλεοτὸς
1376 1609 1430 1682 τόν.

359 1733 512 1815 Sequitur
522 1734 944 1810 locusvehementeradhuc‚
960 1735 1016 1799 sed
1030 1732 1151 1798 frustra
1167 1739 1314 1799 vexatus.
1336 1733 1422 1814 Sept
1432 1752 1453 1797 v
1465 1738 1525 1796 773
1537 1732 1658 1815 legitur
1668 1733 1754 1813 apud
1767 1732 1993 1810 Hermannum,

754 1847 910 1927 θαρσεῖτε
931 1841 1046 1916 παῖδες
1067 1841 1219 1928 μητέρων
1238 1844 1472 1929 τεθραμμέναι,

259 1973 354 2036 quam
366 1956 532 2022 lectionem
543 1958 593 2022 vir
603 1957 801 2025 doctissimus
810 1957 871 2022 hac
881 1957 1083 2023 annotatione
1093 1958 1241 2023 adornat:
1264 1949 1464 2038 ‘midehips
1479 1956 1553 2021 libri
1574 1951 1813 2036 τεθραμμέναι.
1842 1954 1910 2024 Hoc
1924 1975 1997 2022 cnm

257 2064 408 2150 μητέρων
429 2070 634 2135 coniunctum
654 2074 739 2137 esset
758 2088 796 2135 ea
816 2071 946 2145 ratione,
962 2087 1026 2150 qua
1037 2067 1097 2140 σᾶς
1112 2057 1234 2147 όλόχοο
1247 2066 1387 2152 σφαγεὶς
1397 2067 1558 2134 etsimilia
1570 2068 1730 2133 dicuntur.
1752 2066 1813 2133 Sed
1828 2068 1922 2132 valde
1935 2067 1995 2132 hoc

259 2181 400 2262 languet.
421 2179 614 2245 Scholiastes
624 2180 703 2247 haec
716 2181 888 2254 adnotavit,
903 2183 1076 2262 συγγενεῖς,
1099 2170 1121 2263 ἥ
1143 2177 1259 2257 δειλαί,
1281 2150 1347 2246 ὑπό
1361 2178 1512 2265 μητέρων
1524 2169 1658 2251 ἁπαλαῖς
1669 2175 1903 2262 τεθραμμέναι,
1917 2198 2001 2262 quae

258 2291 357 2358 rideri
368 2298 499 2372 possunt
510 2291 594 2357 alius
604 2291 780 2371 scripturae
791 2293 928 2373 vestigia
942 2294 1109 2358 continere.
1142 2294 1349 2360 Scribendum
1363 2296 1475 2376 putavi
1492 2287 1735 2374 τεθρυμμέναιὶ
1768 2292 1849 2357 Sane
1864 2293 1997 2373 languet

258 2398 484 2484 τεθραμμέναι
499 2401 648 2467 adverbio
662 2420 722 2466 non
733 2403 892 2470 adiuncto.
917 2403 1008 2482 Quid,
1022 2405 1049 2468 si
1065 2404 1147 2468 illud
1159 2405 1311 2469 evanuit?
1333 2404 1373 2472 cf.
1389 2406 1467 2470 Eur.
1479 2405 1529 2470 El.
1545 2422 1566 2467 v
1587 2410 1626 2469 65
1637 2389 1677 2465 εὖ
1689 2398 1911 2486 τεθραμμένη.
1934 2403 1996 2469 Sed
2049 2381 2053 2386 ’

256 2513 407 2600 μητέρων
419 2501 456 2578 εὖ
468 2514 548 2579 nihil
563 2519 627 2579 est:
650 2514 735 2595 quid,
758 2515 784 2579 si
800 2520 894 2595 pocta
904 2515 1031 2595 scripsit
1045 2504 1219 2598 μητρόθεν
1241 2503 1280 2580 εό
1295 2512 1543 2598 τεθραμμέναιῖ
1565 2516 1647 2580 Nam
1660 2515 1828 2596 genetivus
1839 2515 1896 2579 ille
1909 2520 1995 2579 certe

257 2648 318 2694 non
328 2633 415 2693 caret
424 2626 603 2703 offensione,
625 2644 721 2707 quiam
733 2625 902 2690 Hermanni
923 2627 1021 2691 verba
1035 2647 1094 2693 non
1108 2629 1238 2694 tollunt.
1261 2630 1345 2694 Puto
1360 2631 1496 2697 scribam
1511 2635 1681 2711 postquam
1691 2616 1728 2693 εὖ
1738 2648 1797 2696 suo
1811 2648 1896 2696 more
1907 2649 1996 2711 sepe·

257 2741 332 2806 livit
345 2739 497 2820 religione
518 2739 655 2819 quadam
677 2742 805 2817 pmpter
825 2737 973 2802 vitiatam
994 2739 1206 2805 elocutionem
1228 2746 1353 2808 tactum
1373 2748 1407 2805 et
1427 2740 1652 2822 perturbatum
1667 2743 1699 2807 id
1714 2742 1825 2823 egisse,
1849 2747 1887 2806 ut
1903 2759 1995 2806 omne

258 2851 401 2916 medendi
422 2866 573 2916 conamen
594 2847 721 2912 irritum
742 2847 887 2911 redderet
908 2848 1071 2913 scribendo
1092 2847 1245 2933 μητέρων
1265 2871 1321 2932 pro
1342 2839 1520 2935 μητρόθεν.
1547 2852 1678 2918 Lusisse
1699 2854 1815 2929 videor,
1837 2853 1893 2917 sed
1915 2852 1993 2932 quid

258 2963 307 3027 illi
328 2980 388 3027 non
409 2960 603 3041 potuerunt?
644 2959 719 3023 Jam
740 2957 865 3022 intuere
885 2958 982 3022 verba
1002 2959 1209 3029 Scholiastae.
1254 2963 1363 3027 Potuit
1388 2983 1465 3029 sane
1484 2961 1634 3048 μητέρων
1660 2965 1819 3045 explicare
1847 2981 1903 3044 per
1925 2952 1988 3026 ὑπό

255 3069 415 3158 μητέρων,
448 3073 552 3152 potuit
576 3069 760 3135 adverbium
786 3069 869 3150 quod
892 3069 1020 3134 videbat
1041 3073 1195 3138 omissum
1217 3093 1273 3155 per
1294 3067 1427 3147 ἁπαλῶς
1449 3076 1653 3158 significando
1675 3082 1801 3156 poetam
1822 3092 1984 3152 excusare,

257 3189 313 3253 sed
333 3188 416 3252 illud
436 3184 579 3265 emergit,
608 3182 633 3247 si
664 3180 744 3260 legit
764 3167 932 3262 μητρόθεν
953 3167 992 3244 εὖ
1014 3183 1249 3267 τεθραμμέναι,
1282 3187 1378 3251 verba
1404 3189 1475 3253 eius
1502 3188 1622 3270 optime
1649 3204 1829 3269 congruere.
1874 3186 1993 3251 Verum

256 3298 336 3366 haec
368 3300 486 3362 incerta
517 3303 602 3372 sunt,
636 3295 667 3359 id
698 3294 805 3357 solum
836 3300 929 3357 extra
960 3313 1082 3360 onmem
1115 3299 1344 3364 dubitationem
1373 3299 1522 3380 positum,
1556 3305 1682 3380 poetam
1710 3316 1812 3378 neque
1840 3295 1993 3379 μητέρων

256 3406 481 3494 τεθραμμέναι
502 3425 604 3488 neque
623 3402 774 3489 μητέρων
796 3400 1019 3486 τεθραμμέναι
1040 3408 1214 3488 scripsisse.
1258 3409 1343 3487 Quid
1364 3408 1426 3472 viri
1448 3408 1534 3473 docti
1552 3413 1678 3488 praeter
1698 3406 1913 3472 Hermannum
1928 3427 1991 3489 quo

256 3524 337 3590 hano
348 3540 474 3589 crucem
488 3520 661 3584 evellerent
675 3517 777 3582 eonati
792 3517 865 3593 sint,
887 3515 1000 3582 aliene
1021 3536 1120 3598 quum
1135 3520 1367 3600 supersedeam,
1391 3517 1564 3599 Hartungii
1576 3522 1682 3582 tamen
1692 3517 1831 3599 lepidam
1846 3520 1990 3584 notulam

256 3635 351 3699 animi
374 3650 470 3700 causa
490 3629 639 3694 subiicio:
660 3622 736 3692 ‘Das
759 3624 987 3693 t'eberlieferte
1009 3628 1051 3692 ist
1070 3630 1139 3694 eine
1160 3630 1294 3706 Anrede,
1323 3627 1443 3694 welche
1463 3628 1540 3693 eber
1560 3626 1612 3692 fur
1633 3627 1756 3692 Kalber
1777 3630 1839 3694 und
1863 3628 1989 3705 Ferkel,

255 3746 304 3810 als
326 3742 377 3809 hlr
398 3743 555 3809 narchen
575 3735 682 3822 passt’.
725 3738 830 3819 Ipsius
851 3735 965 3811 παῖδες
985 3734 1136 3823 μητέρων
1159 3737 1382 3824 τεθραμμέναι
1406 3739 1426 3802 i.
1447 3757 1474 3804 e.
1504 3737 1591 3803 tiliae
1618 3744 1758 3803 matrum
1784 3740 1993 3820 perturbatae

256 3855 333 3937 quid
354 3853 397 3918 sit
418 3871 478 3917 non
498 3852 599 3925 video,
621 3849 705 3931 qnod
728 3847 887 3912 Hermann
907 3855 992 3914 esset
1012 3849 1257 3930 interpretatus:
1281 3849 1366 3916 tiliae
1386 3869 1405 3914 a
1427 3850 1584 3915 matribus
1605 3849 1821 3930 perturbatae.

353 3962 452 4044 Supp.
473 3981 494 4026 v
516 3967 577 4027 290
599 3959 767 4042 legendum
789 3976 860 4023 esse
880 3958 1017 4035 videtur,
1551 3962 1555 3969 ‘

693 4058 829 4152 νΑργιιν,
851 4057 908 4132 τόν
929 4060 1058 4154 Ἑρμῆς,
1079 4072 1158 4142 παῖς
1179 4059 1343 4146 Μαιάδος,
1364 4066 1564 4146 κατέκτανεν,

254 4186 429 4252 secundum
450 4183 634 4258 Homerum,
657 4185 713 4266 qui
735 4184 793 4249 Od.
815 4183 889 4248 xiv
912 4203 932 4247 v
954 4175 1249 4267 435habet‘Epp33,
1271 4175 1426 4257 Μαιάδος
1441 4181 1513 4246 υἱεῖ.
1548 4184 1740 4248 Persuasum
1754 4188 1864 4247 autem
1881 4181 1991 4260 habeo,

255 4295 453 4360 Homericam
476 4294 557 4360 hanc
579 4293 820 4358 similitudinem
842 4300 874 4357 et
897 4294 1105 4359 imitationem
1125 4296 1307 4377 gravissimi
1321 4315 1391 4361 esse
1406 4295 1556 4360 momenti
1570 4295 1610 4358 ad
1622 4292 1759 4374 tragicos
1772 4294 1991 4359 emendandos

256 4406 383 4472 Etenim
405 4423 504 4486 quum
526 4422 582 4485 per
603 4421 637 4468 se
659 4403 702 4466 sit
730 4411 981 4479 consentaneum,
1014 4403 1087 4468 illos
1115 4408 1227 4487 quovis
1257 4407 1288 4471 in
1308 4426 1421 4489 genere
1448 4414 1479 4471 et
1509 4424 1615 4471 rernm
1644 4409 1676 4468 et
1704 4405 1933 4471 vocabulorum
1955 4410 1988 4467 et

255 4515 427 4586 sonnarum
448 4515 486 4580 ad
509 4515 625 4580 summi
646 4514 737 4578 illius
759 4514 904 4594 magistri
925 4519 957 4577 et
976 4507 1156 4594 ‘praeconis'
1183 4518 1425 4583 similitudinem
1453 4517 1620 4598 aspirasse,
1652 4516 1786 4587 accedit,
1817 4514 1902 4595 quod
1931 4514 1990 4594 ipsi

255 4634 380 4693 veteres
401 4645 500 4709 quum
523 4626 711 4708 Sophoclem
735 4614 981 4708 ὀμηρικιότατον
1004 4629 1203 4709 appellarent
1230 4648 1267 4694 ea
1298 4637 1402 4694 mente
1429 4627 1569 4704 fuerunt,
1597 4634 1635 4692 ut
1657 4625 1853 4706 Aeschylum
1873 4623 1990 4689 saltem

254 4726 413 4821 όμηρινόν
435 4757 505 4805 esse
525 4739 656 4803 vellent
687 4736 803 4819 Itaque
824 4756 923 4818 quum
945 4740 1238 4804 commentationem
1260 4739 1393 4804 habeam
1415 4741 1603 4814 inchoatam,
1625 4755 1690 4818 qua
1704 4735 1872 4800 Homerica
1892 4735 1991 4815 tragi-

255 4867 361 4915 corum
383 4851 487 4916 omnia
507 4850 619 4916 sedulo
641 4849 799 4930 colligam,
821 4851 931 4930 grandi
953 4851 1044 4932 copia
1064 4848 1307 4931 obstupefactus
1329 4851 1432 4916 maius
1451 4851 1560 4926 etiam,
1586 4866 1684 4929 quam
1710 4853 1909 4927 putaveram,
1932 4846 1993 4911 hoc
